
<record>
  <leader>05175cam a22003738i 4500</leader>
  <controlfield tag="001">21029413</controlfield>
  <controlfield tag="005">20200103153717.0</controlfield>
  <controlfield tag="008">190621s2019    nyu      b    001 0 eng  </controlfield>
  <datafield tag="906" ind1=" " ind2=" ">
    <subfield code="a">7</subfield>
    <subfield code="b">cbc</subfield>
    <subfield code="c">orignew</subfield>
    <subfield code="d">1</subfield>
    <subfield code="e">ecip</subfield>
    <subfield code="f">20</subfield>
    <subfield code="g">y-gencatlg</subfield>
  </datafield>
  <datafield tag="925" ind1="0" ind2=" ">
    <subfield code="a">acquire</subfield>
    <subfield code="b">1 shelf copy</subfield>
    <subfield code="x">policy default</subfield>
  </datafield>
  <datafield tag="955" ind1=" " ind2=" ">
    <subfield code="b">cm03 2019-06-21;</subfield>
    <subfield code="i">cm03 2019-06-21 to Dewey (subj. hdg. proposal to SHED &amp; class. prop. to CLED)</subfield>
    <subfield code="w">xm04 2019-06-28</subfield>
    <subfield code="a">td14 2020-01-03 proposals preapproved</subfield>
  </datafield>
  <datafield tag="010" ind1=" " ind2=" ">
    <subfield code="a">  2019017228</subfield>
  </datafield>
  <datafield tag="020" ind1=" " ind2=" ">
    <subfield code="a">9781138584617</subfield>
    <subfield code="q">(hardback)</subfield>
  </datafield>
  <datafield tag="020" ind1=" " ind2=" ">
    <subfield code="z">9780429505898</subfield>
    <subfield code="q">(ebook)</subfield>
  </datafield>
  <datafield tag="040" ind1=" " ind2=" ">
    <subfield code="a">DLC</subfield>
    <subfield code="b">eng</subfield>
    <subfield code="e">rda</subfield>
    <subfield code="c">DLC</subfield>
  </datafield>
  <datafield tag="042" ind1=" " ind2=" ">
    <subfield code="a">pcc</subfield>
  </datafield>
  <datafield tag="050" ind1="0" ind2="0">
    <subfield code="a">P53.819</subfield>
    <subfield code="b">.R43 2019</subfield>
  </datafield>
  <datafield tag="082" ind1="0" ind2="0">
    <subfield code="a">418.0071</subfield>
    <subfield code="2">23</subfield>
  </datafield>
  <datafield tag="245" ind1="0" ind2="0">
    <subfield code="a">Redefining tandem language and culture learning in higher education /</subfield>
    <subfield code="c">edited by Claire Tardieu and Céline Horgues.</subfield>
  </datafield>
  <datafield tag="250" ind1=" " ind2=" ">
    <subfield code="a">1.</subfield>
  </datafield>
  <datafield tag="263" ind1=" " ind2=" ">
    <subfield code="a">1910</subfield>
  </datafield>
  <datafield tag="264" ind1=" " ind2="1">
    <subfield code="a">New York :</subfield>
    <subfield code="b">Routledge UK/ROW,</subfield>
    <subfield code="c">2019.</subfield>
  </datafield>
  <datafield tag="300" ind1=" " ind2=" ">
    <subfield code="a">pages cm</subfield>
  </datafield>
  <datafield tag="336" ind1=" " ind2=" ">
    <subfield code="a">text</subfield>
    <subfield code="b">txt</subfield>
    <subfield code="2">rdacontent</subfield>
  </datafield>
  <datafield tag="337" ind1=" " ind2=" ">
    <subfield code="a">unmediated</subfield>
    <subfield code="b">n</subfield>
    <subfield code="2">rdamedia</subfield>
  </datafield>
  <datafield tag="338" ind1=" " ind2=" ">
    <subfield code="a">volume</subfield>
    <subfield code="b">nc</subfield>
    <subfield code="2">rdacarrier</subfield>
  </datafield>
  <datafield tag="490" ind1="0" ind2=" ">
    <subfield code="a">Routledge Studies in Language and Intercultural Communication ;</subfield>
    <subfield code="v">10</subfield>
  </datafield>
  <datafield tag="504" ind1=" " ind2=" ">
    <subfield code="a">Includes bibliographical references and index.</subfield>
  </datafield>
  <datafield tag="505" ind1="0" ind2=" ">
    <subfield code="a">Preface / Zhu Hua &amp; Claire Kramsch -- Introduction / Claire Tardieu &amp; Céline Horgues -- Part I: Remodelling Tandem learning and language policies: 1. Reciprocity 2.0: How reciprocity is mediated through different formats of learners&apos; logs / Marco Cappellini, Anna-Katharina Elstermann, Annick Rivens Mompean -- 2. From the native speaker to the intercultural speaker / Jane Woodin -- 3. A psycholinguistic perspective on &quot;tandem learning&quot; in the foreign language classroom / Heather E. Hilton -- 4. Reconsidering Tandem Learning through a Translanguaging Lens: A Study of Students&apos; Perceptions and Practices / Julie McAllister &amp; Marie-Françoise Narcy-Combes -- 5. Reciprocal Learning and Intercultural Exchange in a Virtual Environment? / Stacey Benoit &amp; Lara Lomicka -- Part II:  Tandem and (language and culture) Learning: 6. Tracing the development of intercultural competence in telecollaborative interaction:  An analysis of evaluative language in eTandem exchanges / Margarita Vinagre &amp; Avelino Corral Esteban -- 7. Developing intercultural sensitivity through telecollaboration in higher education / Angel Raluy &amp; Elzbieta Szymanska-Czaplak -- 8. Will my fluency improve in the tandem programme? An analysis of Japanese and French language production / Marie Shuman &amp; Joseph Paul Stemberger -- 9. Corrective Feedback in English/French Tandem Oral Interactions   / Sylwia Scheuer &amp; Céline Horgues -- 10. Resorting to e-tandem learning in academic language teacher training programmes: evidence from the literature and the field / Jose Ignacio Aguilar Río, Cédric Brudermann &amp; Dagmar Abendroth-Timmer -- Part III:  Running tandem programmes: 11. Possible ways of fostering self-evaluation in tandem: a project supported by the Franco-German Youth Office / Karin Kleppin -- 12. Assessment in Higher Education tandem: A proposal / José María Tejedor Cabrera -- 13. Tandem Learning in the context of internationalisation of higher education at INALCO / Isabelle Lallemand -- 14. Designing and using a tandem learning textbook.  A case study - Romania and Slovakia / Aurora Bagiag &amp; Nicolas Guy -- 15. From compulsory to voluntary counselling in tandem / Mónica Sánchez-González &amp; Lennart Koch -- 16. A European perspective on language policies and multilingualism / Anne Gallagher -- Conclusion / Claire Tardieu &amp; Céline Horgues.</subfield>
  </datafield>
  <datafield tag="520" ind1=" " ind2=" ">
    <subfield code="a">&quot;Redefining Tandem Language and Culture Learning in Higher Education provides an overview of a specific type of learning, called tandem language and culture learning, which was created and developed in Europe after the Second World War, before reaching other continents. Through focusing on higher education, the authors demonstrate how, despite institutional constraints, language educators can make better use of this practice in such contexts as internationalisation, physical and virtual mobility, lifelong learning and intercultural education. This book comprises 16 chapters which examine how tandem language and culture learning is currently being institutionalised in higher education thus showing how the founding principles of the tandem approach have been revisited, which learning outcomes (intercultural, linguistic, professional) tandem learning may bring about, and which key issues must be addressed (assessment, counselling, resources) when setting up tandem programmes. The various contributions present up-to-date tandem studies from both European and non-European perspectives. Highlighting tandem learning&apos;s potential to promote multilingual and multicultural learning on a global scale, this volume will be of particular interest to students and researchers in intercultural communication, language education, multilingualism, and applied linguistics&quot;--</subfield>
    <subfield code="c">Provided by publisher.</subfield>
  </datafield>
  <datafield tag="650" ind1=" " ind2="0">
    <subfield code="a">Tandem learning (Language teaching)</subfield>
    <subfield code="v">Case studies.</subfield>
  </datafield>
  <datafield tag="650" ind1=" " ind2="0">
    <subfield code="a">Language and languages</subfield>
    <subfield code="x">Study and teaching (Higher)</subfield>
    <subfield code="v">Case studies.</subfield>
  </datafield>
  <datafield tag="700" ind1="1" ind2=" ">
    <subfield code="a">Tardieu, Claire,</subfield>
    <subfield code="e">editor.</subfield>
  </datafield>
  <datafield tag="700" ind1="1" ind2=" ">
    <subfield code="a">Horgues, Céline,</subfield>
    <subfield code="e">editor.</subfield>
  </datafield>
</record>