
<record>
  <leader>01498cam a22003258i 4500</leader>
  <controlfield tag="001">21035032</controlfield>
  <controlfield tag="005">20200103103633.0</controlfield>
  <controlfield tag="008">190626s2020    miu      b    001 0 eng  </controlfield>
  <datafield tag="906" ind1=" " ind2=" ">
    <subfield code="a">0</subfield>
    <subfield code="b">vip</subfield>
    <subfield code="c">orignew</subfield>
    <subfield code="d">1</subfield>
    <subfield code="e">ecip</subfield>
    <subfield code="f">20</subfield>
    <subfield code="g">y-gencatlg</subfield>
  </datafield>
  <datafield tag="925" ind1="0" ind2=" ">
    <subfield code="a">acquire</subfield>
    <subfield code="b">1 shelf copy</subfield>
    <subfield code="x">policy default</subfield>
  </datafield>
  <datafield tag="955" ind1=" " ind2=" ">
    <subfield code="b">rk10 2019-06-25</subfield>
    <subfield code="c">rk10 2019-06-25 (telework) to subject</subfield>
    <subfield code="d">rk02 2019-06-28 to Dewey (OT)</subfield>
    <subfield code="w">xm07 2019-06-28</subfield>
    <subfield code="a">xn11 2020-01-03 1 copy rec&apos;d., to CIP ver.</subfield>
  </datafield>
  <datafield tag="010" ind1=" " ind2=" ">
    <subfield code="a">  2019026589</subfield>
  </datafield>
  <datafield tag="020" ind1=" " ind2=" ">
    <subfield code="a">9780802873439</subfield>
    <subfield code="q">(paperback)</subfield>
  </datafield>
  <datafield tag="040" ind1=" " ind2=" ">
    <subfield code="a">DLC</subfield>
    <subfield code="b">eng</subfield>
    <subfield code="c">DLC</subfield>
    <subfield code="e">rda</subfield>
  </datafield>
  <datafield tag="042" ind1=" " ind2=" ">
    <subfield code="a">pcc</subfield>
  </datafield>
  <datafield tag="050" ind1="0" ind2="0">
    <subfield code="a">BS2655.F2</subfield>
    <subfield code="b">G87 2020</subfield>
  </datafield>
  <datafield tag="082" ind1="0" ind2="0">
    <subfield code="a">227/.06</subfield>
    <subfield code="2">23</subfield>
  </datafield>
  <datafield tag="100" ind1="1" ind2=" ">
    <subfield code="a">Gupta, Nijay K.,</subfield>
    <subfield code="e">author.</subfield>
  </datafield>
  <datafield tag="245" ind1="1" ind2="0">
    <subfield code="a">Paul and the language of faith /</subfield>
    <subfield code="c">Nijay K. Gupta ; foreword by James D.G. Dunn .</subfield>
  </datafield>
  <datafield tag="263" ind1=" " ind2=" ">
    <subfield code="a">1111</subfield>
  </datafield>
  <datafield tag="264" ind1=" " ind2="1">
    <subfield code="a">Grand Rapids :</subfield>
    <subfield code="b">Wm. B. Eerdmans Publishing Co.,</subfield>
    <subfield code="c">2020.</subfield>
  </datafield>
  <datafield tag="300" ind1=" " ind2=" ">
    <subfield code="a">pages cm</subfield>
  </datafield>
  <datafield tag="336" ind1=" " ind2=" ">
    <subfield code="a">text</subfield>
    <subfield code="b">txt</subfield>
    <subfield code="2">rdacontent</subfield>
  </datafield>
  <datafield tag="337" ind1=" " ind2=" ">
    <subfield code="a">unmediated</subfield>
    <subfield code="b">n</subfield>
    <subfield code="2">rdamedia</subfield>
  </datafield>
  <datafield tag="338" ind1=" " ind2=" ">
    <subfield code="a">volume</subfield>
    <subfield code="b">nc</subfield>
    <subfield code="2">rdacarrier</subfield>
  </datafield>
  <datafield tag="504" ind1=" " ind2=" ">
    <subfield code="a">Includes bibliographical references and index.</subfield>
  </datafield>
  <datafield tag="520" ind1=" " ind2=" ">
    <subfield code="a">&quot;This book will root Paul&apos;s love language in its context in the ancient world, where love was seen as affection, loyalty, and generosity; Paul&apos;s use is remarkable in making the emphasis one where love is understood as generosity and this, in a culture of reciprocity and mutual expectation&quot;--</subfield>
    <subfield code="c">Provided by publisher.</subfield>
  </datafield>
  <datafield tag="630" ind1="0" ind2="0">
    <subfield code="a">Bible.</subfield>
    <subfield code="p">Epistles of Paul</subfield>
    <subfield code="x">Theology.</subfield>
  </datafield>
  <datafield tag="650" ind1=" " ind2="0">
    <subfield code="a">Faith</subfield>
    <subfield code="x">Biblical teaching..</subfield>
  </datafield>
  <datafield tag="630" ind1="0" ind2="0">
    <subfield code="a">Pistis (The Greek word)</subfield>
  </datafield>
</record>