
<record>
  <leader>04093cam a2200433 i 4500</leader>
  <controlfield tag="001">21035043</controlfield>
  <controlfield tag="005">20200103161323.0</controlfield>
  <controlfield tag="008">190626s2019    ne       b    000 0 eng  </controlfield>
  <datafield tag="906" ind1=" " ind2=" ">
    <subfield code="a">7</subfield>
    <subfield code="b">cbc</subfield>
    <subfield code="c">orignew</subfield>
    <subfield code="d">1</subfield>
    <subfield code="e">ecip</subfield>
    <subfield code="f">20</subfield>
    <subfield code="g">y-gencatlg</subfield>
  </datafield>
  <datafield tag="925" ind1="0" ind2=" ">
    <subfield code="a">acquire</subfield>
    <subfield code="b">1 shelf copy</subfield>
    <subfield code="x">policy default</subfield>
  </datafield>
  <datafield tag="955" ind1=" " ind2=" ">
    <subfield code="b">rk10 2019-06-25</subfield>
    <subfield code="c">rk10 2019-06-25 (telework) to subject</subfield>
    <subfield code="d">re23 2019-07-29 (telework)</subfield>
    <subfield code="e">re2 2019-09-27 (telework) to Dewey</subfield>
    <subfield code="w">xm06 2019-07-29</subfield>
    <subfield code="a">xn11 2019-12-18 1 copy rec&apos;d., to CIP ver.</subfield>
    <subfield code="a">re13 2020-01-02 Copy 1 Barcode 00510135143 for telework</subfield>
    <subfield code="f">re13 2020-01-03 Copy 1 to Calm</subfield>
  </datafield>
  <datafield tag="010" ind1=" " ind2=" ">
    <subfield code="a">  2019023716</subfield>
  </datafield>
  <datafield tag="020" ind1=" " ind2=" ">
    <subfield code="a">9789004408623</subfield>
    <subfield code="q">(hardback)</subfield>
  </datafield>
  <datafield tag="020" ind1=" " ind2=" ">
    <subfield code="z">9789004408616</subfield>
    <subfield code="q">(ebook)</subfield>
  </datafield>
  <datafield tag="040" ind1=" " ind2=" ">
    <subfield code="a">DLC</subfield>
    <subfield code="b">eng</subfield>
    <subfield code="c">DLC</subfield>
    <subfield code="e">rda</subfield>
    <subfield code="d">DLC</subfield>
  </datafield>
  <datafield tag="041" ind1="1" ind2=" ">
    <subfield code="a">eng</subfield>
    <subfield code="h">chi</subfield>
  </datafield>
  <datafield tag="042" ind1=" " ind2=" ">
    <subfield code="a">pcc</subfield>
  </datafield>
  <datafield tag="043" ind1=" " ind2=" ">
    <subfield code="a">a-cc---</subfield>
  </datafield>
  <datafield tag="050" ind1="0" ind2="0">
    <subfield code="a">JS7354.A1</subfield>
    <subfield code="b">U73 2019</subfield>
  </datafield>
  <datafield tag="066" ind1=" " ind2=" ">
    <subfield code="c">$1</subfield>
  </datafield>
  <datafield tag="082" ind1="0" ind2="0">
    <subfield code="a">320.8/50951</subfield>
    <subfield code="2">23</subfield>
  </datafield>
  <datafield tag="245" ind1="0" ind2="0">
    <subfield code="a">Urban Chinese governance, contention, and social control in the new millennium /</subfield>
    <subfield code="c">edited by William Hurst.</subfield>
  </datafield>
  <datafield tag="264" ind1=" " ind2="1">
    <subfield code="a">Leiden ;</subfield>
    <subfield code="a">Boston :</subfield>
    <subfield code="b">Brill,</subfield>
    <subfield code="c">2019.</subfield>
  </datafield>
  <datafield tag="300" ind1=" " ind2=" ">
    <subfield code="a">xii, 234 pages ;</subfield>
    <subfield code="c">25 cm.</subfield>
  </datafield>
  <datafield tag="336" ind1=" " ind2=" ">
    <subfield code="a">text</subfield>
    <subfield code="b">txt</subfield>
    <subfield code="2">rdacontent</subfield>
  </datafield>
  <datafield tag="337" ind1=" " ind2=" ">
    <subfield code="a">unmediated</subfield>
    <subfield code="b">n</subfield>
    <subfield code="2">rdamedia</subfield>
  </datafield>
  <datafield tag="338" ind1=" " ind2=" ">
    <subfield code="a">volume</subfield>
    <subfield code="b">nc</subfield>
    <subfield code="2">rdacarrier</subfield>
  </datafield>
  <datafield tag="490" ind1="0" ind2=" ">
    <subfield code="a">Rethinking socialism and reform in China,</subfield>
    <subfield code="x">2468-3035 ;</subfield>
    <subfield code="v">Volume 4</subfield>
  </datafield>
  <datafield tag="880" ind1=" " ind2=" ">
    <subfield code="6">500-00/$1</subfield>
    <subfield code="a">&quot;This book is a result of the cooperation between Open Times Press and Koninklijke Brill NV. These articles were selected and translated into English from Open Times (Kaifang shidai 开放时代), an academic  journal in Chinese.&quot;--Title page verso.</subfield>
  </datafield>
  <datafield tag="504" ind1=" " ind2=" ">
    <subfield code="a">Includes bibliographical references.</subfield>
  </datafield>
  <datafield tag="505" ind1="0" ind2=" ">
    <subfield code="a">Shifting structures and agendas in urban Chinese governance and resistance in a new era / William Hurst -- Manufacturing consent : how grassroots government assimilates public resistance / Zhang Yonghong and Li Jingjun -- Pluralistic governance : reflecting on participatory development theory in post-disaster community reconstruction : a case study of the post-Wenchuan earthquake new home plan / Zhu Jiangang and Hu Ming -- Between home and society : urban women in environmental  contention : the example of opposition to building a waste incineration power plant in G City / Chen Xiaoyun and Duan Ran -- Media contact, public participation, and political efficacy in sudden public incidents : an empirical study of the PX incident in Xiamen / Zhou Baohua -- Performative protests : landscapes, challenges, and opportunity mechanisms : two case studies from the Pearl River Delta / Huang Zhenhui -- The political economy of sex and the gender secret of capitalism : thoughts on the debate surrounding the 2014 crackdown on prostitution in Dongguan / Song Shaopeng -- Gray governance and the reproduction of urban violence : analysis of the mechanisms of &quot;urban management&quot; practice on Lumo Road / Lü Dewen.</subfield>
  </datafield>
  <datafield tag="520" ind1=" " ind2=" ">
    <subfield code="a">&quot;Bringing together a wide range of leading experts across several disciplines, this book offers critical insights on some of the most important questions of contemporary urban Chinese politics and society. Drawing on extensive research across different localities and issues in China, the chapters offer rich data and fresh analyses of the shifting contours of urban governance, social mobilization and contention, and the mechanisms of social control in the new Millennium. Taken together, this collection represents the most comprehensive look in some years at how urban Chinese political institutions have adapted and responded to challenges and how social actors and groups have mobilized to press for redress of substantial new grievances&quot;--</subfield>
    <subfield code="c">Provided by publisher.</subfield>
  </datafield>
  <datafield tag="650" ind1=" " ind2="0">
    <subfield code="a">Municipal government</subfield>
    <subfield code="z">China.</subfield>
  </datafield>
  <datafield tag="650" ind1=" " ind2="0">
    <subfield code="a">Municipal government</subfield>
    <subfield code="z">China</subfield>
    <subfield code="x">Citizen participation.</subfield>
  </datafield>
  <datafield tag="650" ind1=" " ind2="0">
    <subfield code="a">Urban policy</subfield>
    <subfield code="z">China</subfield>
    <subfield code="x">Citizen participation.</subfield>
  </datafield>
  <datafield tag="650" ind1=" " ind2="0">
    <subfield code="a">City dwellers</subfield>
    <subfield code="x">Political activity</subfield>
    <subfield code="z">China.</subfield>
  </datafield>
  <datafield tag="650" ind1=" " ind2="0">
    <subfield code="a">Political participation</subfield>
    <subfield code="z">China.</subfield>
  </datafield>
  <datafield tag="700" ind1="1" ind2=" ">
    <subfield code="a">Hurst, William,</subfield>
    <subfield code="d">1975-</subfield>
    <subfield code="e">editor.</subfield>
  </datafield>
  <datafield tag="776" ind1="0" ind2="8">
    <subfield code="i">Online version:</subfield>
    <subfield code="t">Urban Chinese governance, contention, and social control in the new millennium</subfield>
    <subfield code="d">Leiden ; Boston : Brill, 2019.</subfield>
    <subfield code="z">9789004408616</subfield>
    <subfield code="w">(DLC) 2019023717</subfield>
  </datafield>
</record>