
<record>
  <leader>02808cam a22003618i 4500</leader>
  <controlfield tag="001">21035045</controlfield>
  <controlfield tag="005">20200103103335.0</controlfield>
  <controlfield tag="008">190626s2019    nyu      b    001 0 eng  </controlfield>
  <datafield tag="906" ind1=" " ind2=" ">
    <subfield code="a">0</subfield>
    <subfield code="b">vip</subfield>
    <subfield code="c">orignew</subfield>
    <subfield code="d">1</subfield>
    <subfield code="e">ecip</subfield>
    <subfield code="f">20</subfield>
    <subfield code="g">y-gencatlg</subfield>
  </datafield>
  <datafield tag="925" ind1="0" ind2=" ">
    <subfield code="a">acquire</subfield>
    <subfield code="b">1 shelf copy</subfield>
    <subfield code="x">policy default</subfield>
  </datafield>
  <datafield tag="955" ind1=" " ind2=" ">
    <subfield code="b">rk10 2019-06-25</subfield>
    <subfield code="c">rk10 2019-06-25 (telework) to subject</subfield>
    <subfield code="d">rk02 2019-07-10 to Dewey</subfield>
    <subfield code="w">xm06 2019-07-12</subfield>
    <subfield code="a">xn11 2020-01-03 1 copy rec&apos;d., to CIP ver.</subfield>
  </datafield>
  <datafield tag="010" ind1=" " ind2=" ">
    <subfield code="a">  2019023693</subfield>
  </datafield>
  <datafield tag="020" ind1=" " ind2=" ">
    <subfield code="a">9781571139894</subfield>
    <subfield code="q">(hardcover)</subfield>
  </datafield>
  <datafield tag="020" ind1=" " ind2=" ">
    <subfield code="z">9781787445024</subfield>
    <subfield code="q">(ebook)</subfield>
  </datafield>
  <datafield tag="040" ind1=" " ind2=" ">
    <subfield code="a">DLC</subfield>
    <subfield code="b">eng</subfield>
    <subfield code="c">DLC</subfield>
    <subfield code="e">rda</subfield>
    <subfield code="d">DLC</subfield>
  </datafield>
  <datafield tag="042" ind1=" " ind2=" ">
    <subfield code="a">pcc</subfield>
  </datafield>
  <datafield tag="043" ind1=" " ind2=" ">
    <subfield code="a">e-gx---</subfield>
  </datafield>
  <datafield tag="050" ind1="0" ind2="0">
    <subfield code="a">BL501</subfield>
    <subfield code="b">.E535 2019</subfield>
  </datafield>
  <datafield tag="082" ind1="0" ind2="0">
    <subfield code="a">830.9/382360902</subfield>
    <subfield code="2">23</subfield>
  </datafield>
  <datafield tag="245" ind1="0" ind2="4">
    <subfield code="a">The end-times in medieval German literature :</subfield>
    <subfield code="b">sin, evil, and the Apocalypse /</subfield>
    <subfield code="c">edited by Ernst Ralf Hintz and Scott E. Pincikowski.</subfield>
  </datafield>
  <datafield tag="263" ind1=" " ind2=" ">
    <subfield code="a">1111</subfield>
  </datafield>
  <datafield tag="264" ind1=" " ind2="1">
    <subfield code="a">Rochester :</subfield>
    <subfield code="b">Camden House,</subfield>
    <subfield code="c">2019.</subfield>
  </datafield>
  <datafield tag="300" ind1=" " ind2=" ">
    <subfield code="a">pages cm.</subfield>
  </datafield>
  <datafield tag="336" ind1=" " ind2=" ">
    <subfield code="a">text</subfield>
    <subfield code="b">txt</subfield>
    <subfield code="2">rdacontent</subfield>
  </datafield>
  <datafield tag="337" ind1=" " ind2=" ">
    <subfield code="a">unmediated</subfield>
    <subfield code="b">n</subfield>
    <subfield code="2">rdamedia</subfield>
  </datafield>
  <datafield tag="338" ind1=" " ind2=" ">
    <subfield code="a">volume</subfield>
    <subfield code="b">nc</subfield>
    <subfield code="2">rdacarrier</subfield>
  </datafield>
  <datafield tag="490" ind1="0" ind2=" ">
    <subfield code="a">Studies in German literature, linguistics, and culture</subfield>
  </datafield>
  <datafield tag="504" ind1=" " ind2=" ">
    <subfield code="a">Includes bibliographical references and index.</subfield>
  </datafield>
  <datafield tag="520" ind1=" " ind2=" ">
    <subfield code="a">&quot;The contemporary fascination with the end of the world and of life as we know it would not have surprised our counterparts a millennium ago; only the fact that such an end has not yet occurred. Current visions of the apocalypse encompass climate change, terrorism, antibiotic-resistant bacteria, and war. Popular culture expresses the fear associated with these global crises, obsessively portraying zombies, alien attacks, pandemics, and self-destructive technology. This book explores how end-times were envisioned in medieval Germany. The essays, written by well-established scholars, examine the period&apos;s fascination with the apocalypse by applying the most current methodological approaches to a wide range of literary genres. Drawing upon methodologies such as adaptation theory, gender analysis, space and place studies, reception studies, and memory studies, this book uncovers the rhetorical, didactic, narratological, mnemonic, thematic, cultural, and political functions of end-times in medieval German texts. Contributors: Tina Boyer, Albrecht Classen, Winfried Frey, Will Hasty, Ernst Ralf Hintz, Winder McConnell, Evelyn Meyer, Scott E. Pincikowski, Marian E. Polhill, Alexander Sager, Alexandra Sterling-Hellenbrand, Joseph M. Sullivan. Ernst Ralf Hintz is Professor of German and Medieval Studies at Truman State University. Scott E. Pincikowski is Professor of German at Hood College&quot;--</subfield>
    <subfield code="c">Provided by publisher.</subfield>
  </datafield>
  <datafield tag="650" ind1=" " ind2="0">
    <subfield code="a">Apocalyptic literature.</subfield>
  </datafield>
  <datafield tag="650" ind1=" " ind2="0">
    <subfield code="a">German literature</subfield>
    <subfield code="x">History and criticism.</subfield>
  </datafield>
  <datafield tag="650" ind1=" " ind2="0">
    <subfield code="a">Literature, Medieval</subfield>
    <subfield code="x">History and criticism.</subfield>
  </datafield>
  <datafield tag="700" ind1="1" ind2=" ">
    <subfield code="a">Hintz, Ernst Ralf,</subfield>
    <subfield code="e">editor.</subfield>
  </datafield>
</record>