
<record>
  <leader>03221cam a2200433 i 4500</leader>
  <controlfield tag="001">21041075</controlfield>
  <controlfield tag="005">20200103172342.0</controlfield>
  <controlfield tag="008">190626s2019    ne       b    001 0 eng  </controlfield>
  <datafield tag="906" ind1=" " ind2=" ">
    <subfield code="a">7</subfield>
    <subfield code="b">cbc</subfield>
    <subfield code="c">orignew</subfield>
    <subfield code="d">1</subfield>
    <subfield code="e">ecip</subfield>
    <subfield code="f">20</subfield>
    <subfield code="g">y-gencatlg</subfield>
  </datafield>
  <datafield tag="925" ind1="0" ind2=" ">
    <subfield code="a">acquire</subfield>
    <subfield code="b">1 shelf copy</subfield>
    <subfield code="x">policy default</subfield>
  </datafield>
  <datafield tag="955" ind1=" " ind2=" ">
    <subfield code="b">cd08 2019-06-26</subfield>
    <subfield code="i">cd08 2019-06-26 to Dewey;</subfield>
    <subfield code="w">xm07 2019-06-26</subfield>
    <subfield code="a">xn11 2019-11-26 1 copy rec&apos;d., to CIP ver.</subfield>
    <subfield code="a">rk20 2019-12-09 book received in ART</subfield>
    <subfield code="f">rk24 2020-01-03 Telework to CALM</subfield>
  </datafield>
  <datafield tag="010" ind1=" " ind2=" ">
    <subfield code="a">  2019026746</subfield>
  </datafield>
  <datafield tag="020" ind1=" " ind2=" ">
    <subfield code="a">9789004412620</subfield>
    <subfield code="q">(hardback)</subfield>
  </datafield>
  <datafield tag="020" ind1=" " ind2=" ">
    <subfield code="z">9789004412637</subfield>
    <subfield code="q">(ebook)</subfield>
  </datafield>
  <datafield tag="040" ind1=" " ind2=" ">
    <subfield code="a">DLC</subfield>
    <subfield code="b">eng</subfield>
    <subfield code="e">rda</subfield>
    <subfield code="c">DLC</subfield>
    <subfield code="d">DLC</subfield>
  </datafield>
  <datafield tag="042" ind1=" " ind2=" ">
    <subfield code="a">pcc</subfield>
  </datafield>
  <datafield tag="043" ind1=" " ind2=" ">
    <subfield code="a">a-iq---</subfield>
  </datafield>
  <datafield tag="050" ind1="0" ind2="0">
    <subfield code="a">BM670.P5</subfield>
    <subfield code="b">R67 2019</subfield>
  </datafield>
  <datafield tag="082" ind1="0" ind2="0">
    <subfield code="a">296.4/52</subfield>
    <subfield code="2">23</subfield>
  </datafield>
  <datafield tag="100" ind1="1" ind2=" ">
    <subfield code="a">Rosenfeld-Hadad, Merav,</subfield>
    <subfield code="e">author.</subfield>
  </datafield>
  <datafield tag="245" ind1="1" ind2="0">
    <subfield code="a">Judaism and Islam, one God one music :</subfield>
    <subfield code="b">the history of Jewish paraliturgical song in the context of Arabo-Islamic culture as revealed in its Jewish Babylonian sources /</subfield>
    <subfield code="c">by Merav Rosenfeld-Hadad.</subfield>
  </datafield>
  <datafield tag="264" ind1=" " ind2="1">
    <subfield code="a">Leiden ;</subfield>
    <subfield code="a">Boston :</subfield>
    <subfield code="b">Brill,</subfield>
    <subfield code="c">[2019]</subfield>
  </datafield>
  <datafield tag="300" ind1=" " ind2=" ">
    <subfield code="a">x, 297 pages ;</subfield>
    <subfield code="c">25 cm.</subfield>
  </datafield>
  <datafield tag="336" ind1=" " ind2=" ">
    <subfield code="a">text</subfield>
    <subfield code="b">txt</subfield>
    <subfield code="2">rdacontent</subfield>
  </datafield>
  <datafield tag="337" ind1=" " ind2=" ">
    <subfield code="a">unmediated</subfield>
    <subfield code="b">n</subfield>
    <subfield code="2">rdamedia</subfield>
  </datafield>
  <datafield tag="338" ind1=" " ind2=" ">
    <subfield code="a">volume</subfield>
    <subfield code="b">nc</subfield>
    <subfield code="2">rdacarrier</subfield>
  </datafield>
  <datafield tag="490" ind1="0" ind2=" ">
    <subfield code="a">Brill&apos;s series in Jewish studies,</subfield>
    <subfield code="x">0926-2261 ;</subfield>
    <subfield code="v">volume 66</subfield>
  </datafield>
  <datafield tag="500" ind1=" " ind2=" ">
    <subfield code="a">Revised dissertation (Ph. D.), St. Edmund&apos;s College (University of Cambridge), 2009.</subfield>
  </datafield>
  <datafield tag="504" ind1=" " ind2=" ">
    <subfield code="a">Includes bibliographical references (pages 257-280) and index.</subfield>
  </datafield>
  <datafield tag="505" ind1="0" ind2=" ">
    <subfield code="a">The 1954 Miṣḥaf as a Holy Book of Paraliturgical Songs -- The 1954 Miṣḥaf as a History Book of Paraliturgical Songs -- The Paraliturgical Practice and Text: Typical Features Emerging from the Written Sources  -- The Paraliturgical Melody: Characteristics Emerging from Both the 1906 and the 1954 Mṣāḥif.</subfield>
  </datafield>
  <datafield tag="520" ind1=" " ind2=" ">
    <subfield code="a">&quot;In Judaism and Islam One God One Music, Merav Rosenfeld-Hadad offers the first substantial study of the history and nature of the Jewish Paraliturgical Song, which developed in the Arabo-Islamic civilization between the tenth and the twentieth centuries. Commonly portrayed as clashing cultures, Judaism and Islam appear here as complementary and enriching religio-cultural sources for the Paraliturgical Song&apos;s texts and music, poets and musicians, as well as the worshippers. Relying chiefly on the Babylonian-Jewish written sources of the genre, Rosenfeld-Hadad gives a fascinating historical account of one thousand years of the rich and vibrant cultural and religious life of Middle Eastern Judaism that endured in Arabo-Islamic settings. She convincingly proves that the Jewish Paraliturgical Song, like its people, reflects a harmonious hybridization of Jewish and Arabo-Islamic aesthetics and ideas&quot;--</subfield>
    <subfield code="c">Provided by publisher.</subfield>
  </datafield>
  <datafield tag="650" ind1=" " ind2="0">
    <subfield code="a">Piyutim</subfield>
    <subfield code="x">History and criticism.</subfield>
  </datafield>
  <datafield tag="650" ind1=" " ind2="0">
    <subfield code="a">Jewish religious poetry, Hebrew</subfield>
    <subfield code="x">History and criticism.</subfield>
  </datafield>
  <datafield tag="650" ind1=" " ind2="0">
    <subfield code="a">Synagogue music</subfield>
    <subfield code="z">Iraq</subfield>
    <subfield code="z">Baghdad.</subfield>
  </datafield>
  <datafield tag="650" ind1=" " ind2="0">
    <subfield code="a">Jews</subfield>
    <subfield code="z">Iraq</subfield>
    <subfield code="z">Baghdad</subfield>
    <subfield code="x">Songs and music.</subfield>
  </datafield>
  <datafield tag="650" ind1=" " ind2="0">
    <subfield code="a">Arabs</subfield>
    <subfield code="z">Iraq</subfield>
    <subfield code="v">Songs and music</subfield>
    <subfield code="x">Influence.</subfield>
  </datafield>
  <datafield tag="650" ind1=" " ind2="0">
    <subfield code="a">Islam</subfield>
    <subfield code="x">Relations</subfield>
    <subfield code="x">Judaism.</subfield>
  </datafield>
  <datafield tag="650" ind1=" " ind2="0">
    <subfield code="a">Judaism</subfield>
    <subfield code="x">Relations</subfield>
    <subfield code="x">Islam.</subfield>
  </datafield>
  <datafield tag="776" ind1="0" ind2="8">
    <subfield code="i">Online version:</subfield>
    <subfield code="a">Rosenfeld-Hadad, Merav,</subfield>
    <subfield code="t">Judaism and islam one god one music</subfield>
    <subfield code="d">Leiden ; Boston : Brill, 2019.</subfield>
    <subfield code="z">9789004412637</subfield>
    <subfield code="w">(DLC) 2019026747</subfield>
  </datafield>
</record>