
<record>
  <leader>03095cam a2200421 i 4500</leader>
  <controlfield tag="001">21042304</controlfield>
  <controlfield tag="005">20200103090019.0</controlfield>
  <controlfield tag="008">190626s2019    nyu           000 1 eng d</controlfield>
  <datafield tag="906" ind1=" " ind2=" ">
    <subfield code="a">7</subfield>
    <subfield code="b">cbc</subfield>
    <subfield code="c">copycat</subfield>
    <subfield code="d">2</subfield>
    <subfield code="e">epcn</subfield>
    <subfield code="f">20</subfield>
    <subfield code="g">y-gencatlg</subfield>
  </datafield>
  <datafield tag="925" ind1="0" ind2=" ">
    <subfield code="a">Acquire</subfield>
    <subfield code="b">1 shelf copy</subfield>
    <subfield code="x">policy default</subfield>
  </datafield>
  <datafield tag="955" ind1=" " ind2=" ">
    <subfield code="b">xd12 2019-06-26</subfield>
    <subfield code="a">xn11 2019-12-18 1 copy rec&apos;d., to USPRLL</subfield>
    <subfield code="b">xk15 2019-12-18 z-processor</subfield>
    <subfield code="i">xk36 2020-01-03 to CALM</subfield>
  </datafield>
  <datafield tag="010" ind1=" " ind2=" ">
    <subfield code="a">  2019944527</subfield>
  </datafield>
  <datafield tag="020" ind1=" " ind2=" ">
    <subfield code="a">9781496719638</subfield>
    <subfield code="q">(hardcover)</subfield>
  </datafield>
  <datafield tag="020" ind1=" " ind2=" ">
    <subfield code="a">1496719638</subfield>
    <subfield code="q">(hardcover)</subfield>
  </datafield>
  <datafield tag="020" ind1=" " ind2=" ">
    <subfield code="z">9781496719669</subfield>
    <subfield code="q">(ebook)</subfield>
  </datafield>
  <datafield tag="020" ind1=" " ind2=" ">
    <subfield code="z">1496719662</subfield>
    <subfield code="q">(ebook)</subfield>
  </datafield>
  <datafield tag="035" ind1=" " ind2=" ">
    <subfield code="a">(OCoLC)on1089274414</subfield>
  </datafield>
  <datafield tag="040" ind1=" " ind2=" ">
    <subfield code="a">YDX</subfield>
    <subfield code="b">eng</subfield>
    <subfield code="c">YDX</subfield>
    <subfield code="e">rda</subfield>
    <subfield code="d">BDX</subfield>
    <subfield code="d">ATNSH</subfield>
    <subfield code="d">MJ8</subfield>
    <subfield code="d">OCLCQ</subfield>
    <subfield code="d">CMI</subfield>
    <subfield code="d">OCLCO</subfield>
    <subfield code="d">OMN</subfield>
    <subfield code="d">AYP</subfield>
    <subfield code="d">NZAUC</subfield>
    <subfield code="d">OCLCF</subfield>
    <subfield code="d">IUK</subfield>
    <subfield code="d">ZGR</subfield>
    <subfield code="d">DLC</subfield>
  </datafield>
  <datafield tag="042" ind1=" " ind2=" ">
    <subfield code="a">lccopycat</subfield>
  </datafield>
  <datafield tag="050" ind1="0" ind2="0">
    <subfield code="a">PS3602.E7646</subfield>
    <subfield code="b">P67 2019</subfield>
  </datafield>
  <datafield tag="082" ind1="0" ind2="4">
    <subfield code="a">813/.6</subfield>
    <subfield code="2">23</subfield>
  </datafield>
  <datafield tag="100" ind1="1" ind2=" ">
    <subfield code="a">Berry, Tamara,</subfield>
    <subfield code="e">author.</subfield>
  </datafield>
  <datafield tag="245" ind1="1" ind2="0">
    <subfield code="a">Potions are for pushovers /</subfield>
    <subfield code="c">Tamara Berry.</subfield>
  </datafield>
  <datafield tag="264" ind1=" " ind2="1">
    <subfield code="a">New York, NY :</subfield>
    <subfield code="b">Kensington Books,</subfield>
    <subfield code="c">2019.</subfield>
  </datafield>
  <datafield tag="300" ind1=" " ind2=" ">
    <subfield code="a">280 pages ;</subfield>
    <subfield code="c">22 cm.</subfield>
  </datafield>
  <datafield tag="336" ind1=" " ind2=" ">
    <subfield code="a">text</subfield>
    <subfield code="b">txt</subfield>
    <subfield code="2">rdacontent</subfield>
  </datafield>
  <datafield tag="337" ind1=" " ind2=" ">
    <subfield code="a">unmediated</subfield>
    <subfield code="b">n</subfield>
    <subfield code="2">rdamedia</subfield>
  </datafield>
  <datafield tag="338" ind1=" " ind2=" ">
    <subfield code="a">volume</subfield>
    <subfield code="b">nc</subfield>
    <subfield code="2">rdacarrier</subfield>
  </datafield>
  <datafield tag="490" ind1="1" ind2=" ">
    <subfield code="a">An Eleanor Wilde mystery</subfield>
  </datafield>
  <datafield tag="520" ind1=" " ind2=" ">
    <subfield code="a">&quot;It may have been a ghost that led Eleanor Wilde to set up shop in a quaint English village. But now that she&apos;s established herself as the town witch, Ellie&apos;s contentedly casting spells on anyone desperate enough--or gullible enough--to request her mysterious potions... Selling mystical elixirs and tantalizing tonics is a pretty good way for a fake medium to earn a living. Or at least it&apos;s Ellie&apos;s main source of income--until a villager turns up dead. The cause? Murder by poisoning.  And though Ellie&apos;s concoctions don&apos;t include anything worthy of a skull and crossbones, suddenly she&apos;s the prime suspect. Her only recourse is to find the culprit who did do away with Sarah Blackthorne. No one liked the mean old battle-axe. But did anyone hate her enough to kill her? It&apos;s enough of a mystery to make Ellie hang up her witch&apos;s hat and take millionaire beau Nicholas Hartford up on his offer to keep her afloat.  Except Ellie is not the kind of woman to lean on a man--least of all a man she adores but whose place in her life is uncertain. Besides, Ellie&apos;s taken on two young witches-in-training--apprentices if you will--and both of them are convinced a werewolf is the murderer. Just as Ellie&apos;s wondering if there really is something otherworldly going on, animals suddenly begin to disappear--including her beloved cat, Beast. Now Ellie&apos;s on the warpath to uncover the wicked truth about the people and the place she&apos;s only just begun to call home...&quot;--Provided by publisher.</subfield>
  </datafield>
  <datafield tag="650" ind1=" " ind2="7">
    <subfield code="a">Murder</subfield>
    <subfield code="x">Investigation.</subfield>
    <subfield code="2">fast</subfield>
    <subfield code="0">(OCoLC)fst01029788</subfield>
  </datafield>
  <datafield tag="650" ind1=" " ind2="7">
    <subfield code="a">Poisoning.</subfield>
    <subfield code="2">fast</subfield>
    <subfield code="0">(OCoLC)fst01068142</subfield>
  </datafield>
  <datafield tag="650" ind1=" " ind2="7">
    <subfield code="a">Women apprentices.</subfield>
    <subfield code="2">fast</subfield>
    <subfield code="0">(OCoLC)fst01177132</subfield>
  </datafield>
  <datafield tag="650" ind1=" " ind2="7">
    <subfield code="a">Women mediums.</subfield>
    <subfield code="2">fast</subfield>
    <subfield code="0">(OCoLC)fst01178140</subfield>
  </datafield>
  <datafield tag="651" ind1=" " ind2="7">
    <subfield code="a">England.</subfield>
    <subfield code="2">fast</subfield>
    <subfield code="0">(OCoLC)fst01219920</subfield>
  </datafield>
  <datafield tag="655" ind1=" " ind2="7">
    <subfield code="a">Detective and mystery fiction.</subfield>
    <subfield code="2">fast</subfield>
    <subfield code="0">(OCoLC)fst01726581</subfield>
  </datafield>
  <datafield tag="655" ind1=" " ind2="7">
    <subfield code="a">Fiction.</subfield>
    <subfield code="2">fast</subfield>
    <subfield code="0">(OCoLC)fst01423787</subfield>
  </datafield>
  <datafield tag="655" ind1=" " ind2="7">
    <subfield code="a">Mystery fiction.</subfield>
    <subfield code="2">gsafd</subfield>
  </datafield>
</record>