
<record>
  <leader>03234cam a22004935i 4500</leader>
  <controlfield tag="001">21043095</controlfield>
  <controlfield tag="005">20200103035337.0</controlfield>
  <controlfield tag="008">190627s2018    ir       b    000 0 per  </controlfield>
  <datafield tag="906" ind1=" " ind2=" ">
    <subfield code="a">7</subfield>
    <subfield code="b">ibc</subfield>
    <subfield code="c">origode</subfield>
    <subfield code="d">3</subfield>
    <subfield code="e">ncip</subfield>
    <subfield code="f">20</subfield>
    <subfield code="g">y-nonroman</subfield>
  </datafield>
  <datafield tag="925" ind1="0" ind2=" ">
    <subfield code="a">acquire</subfield>
    <subfield code="b">1 shelf copy</subfield>
    <subfield code="x">policy default</subfield>
  </datafield>
  <datafield tag="955" ind1=" " ind2=" ">
    <subfield code="b">wk30 2019-06-27</subfield>
    <subfield code="c">wk35 2019-12-26</subfield>
  </datafield>
  <datafield tag="010" ind1=" " ind2=" ">
    <subfield code="a">  2019340382</subfield>
  </datafield>
  <datafield tag="020" ind1=" " ind2=" ">
    <subfield code="a">9789643618520</subfield>
  </datafield>
  <datafield tag="037" ind1=" " ind2=" ">
    <subfield code="b">Library of Congress -- Islamabad Overseas Office</subfield>
  </datafield>
  <datafield tag="040" ind1=" " ind2=" ">
    <subfield code="a">DLC</subfield>
    <subfield code="b">eng</subfield>
    <subfield code="e">rda</subfield>
    <subfield code="c">DLC</subfield>
  </datafield>
  <datafield tag="041" ind1=" " ind2=" ">
    <subfield code="a">per</subfield>
    <subfield code="a">eng</subfield>
  </datafield>
  <datafield tag="042" ind1=" " ind2=" ">
    <subfield code="a">lcode</subfield>
  </datafield>
  <datafield tag="043" ind1=" " ind2=" ">
    <subfield code="a">a-ir---</subfield>
  </datafield>
  <datafield tag="066" ind1=" " ind2=" ">
    <subfield code="c">(3</subfield>
    <subfield code="c">(4</subfield>
  </datafield>
  <datafield tag="245" ind1="0" ind2="0">
    <subfield code="6">880-01</subfield>
    <subfield code="a">Majmūʻah-i maqālāt-i tārīkh-i ravābiṭ-i khārijī-i Īrān (dawrah-i Afshārīyah va Zandīyah) =</subfield>
    <subfield code="b">A collection of articles on the history Iran&apos;s foreign relations (Afsharieh and Zandiyeh Era) /</subfield>
    <subfield code="c">Girdʹāvarī va tanẓīmi-i, Idārah-i Muṭālaʻāt-i Asnād va Tārīkh-i Ravābiṭ-i Khārijī ; Mays̲am Amānī, Zaynab Iḥyāʼī.</subfield>
  </datafield>
  <datafield tag="880" ind1="0" ind2="0">
    <subfield code="6">245-01/(3/r‏</subfield>
    <subfield code="a">‏مجموعه مقالات تاريخ روابط خارجى ايران (دوره افشاريه و زنديه) =‏</subfield>
    <subfield code="b">‏A collection of articles on the history Iran&apos;s foreign relations (Afsharieh and Zandiyeh Era) /‏</subfield>
    <subfield code="c">‏گرد‌آورى و تنظيم، اداره مطالعات اسناد و تاريخ روابط خارجى.</subfield>
  </datafield>
  <datafield tag="246" ind1="1" ind2="5">
    <subfield code="a">Collection of articles on the history Iran&apos;s foreign relations (Afsharieh and Zandiyeh Era)</subfield>
  </datafield>
  <datafield tag="250" ind1=" " ind2=" ">
    <subfield code="6">880-02</subfield>
    <subfield code="a">Chāp-i avval.</subfield>
  </datafield>
  <datafield tag="880" ind1=" " ind2=" ">
    <subfield code="6">250-02/(4/r‏</subfield>
    <subfield code="a">‏چاپ اول.</subfield>
  </datafield>
  <datafield tag="264" ind1=" " ind2="1">
    <subfield code="6">880-03</subfield>
    <subfield code="a">[Tihrān] :</subfield>
    <subfield code="b">Idārah-i Chāp va Intishārāt-i Vizārat-i Umūr-i Khārijah,</subfield>
    <subfield code="c">1397 [2018 or 2019].</subfield>
  </datafield>
  <datafield tag="880" ind1=" " ind2="1">
    <subfield code="6">264-03/(3/r‏</subfield>
    <subfield code="a">‏[تهران] :‏</subfield>
    <subfield code="b">‏اداره چاپ و انتشارات وزارت امور خارجه،‏</subfield>
    <subfield code="c">‏1397 [2018 or 2019].</subfield>
  </datafield>
  <datafield tag="300" ind1=" " ind2=" ">
    <subfield code="a">178 pages ;</subfield>
    <subfield code="c">24 cm.</subfield>
  </datafield>
  <datafield tag="336" ind1=" " ind2=" ">
    <subfield code="a">text</subfield>
    <subfield code="b">txt</subfield>
    <subfield code="2">rdacontent</subfield>
  </datafield>
  <datafield tag="337" ind1=" " ind2=" ">
    <subfield code="a">unmediated</subfield>
    <subfield code="b">n</subfield>
    <subfield code="2">rdamedia</subfield>
  </datafield>
  <datafield tag="338" ind1=" " ind2=" ">
    <subfield code="a">volume</subfield>
    <subfield code="b">nc</subfield>
    <subfield code="2">rdacarrier</subfield>
  </datafield>
  <datafield tag="490" ind1="1" ind2=" ">
    <subfield code="6">880-04</subfield>
    <subfield code="a">Majmūʻah-i justārʹhāyī pīrāmūn-i tārīkh-i ravābiṭ-i khārijī-i Īrān ;</subfield>
    <subfield code="v">5</subfield>
  </datafield>
  <datafield tag="880" ind1="1" ind2=" ">
    <subfield code="6">490-04/(3/r‏</subfield>
    <subfield code="a">‏مجموعه جستار‌هايى پيرامون تاريخ روابط خارجى ايران ؛‏</subfield>
    <subfield code="v">‏5</subfield>
  </datafield>
  <datafield tag="504" ind1=" " ind2=" ">
    <subfield code="a">Includes bibliographical references (pages 163-178).</subfield>
  </datafield>
  <datafield tag="520" ind1=" " ind2=" ">
    <subfield code="a">Iran -- Foreign relations</subfield>
  </datafield>
  <datafield tag="546" ind1=" " ind2=" ">
    <subfield code="a">In Persian; some in English.</subfield>
  </datafield>
  <datafield tag="700" ind1="1" ind2=" ">
    <subfield code="6">880-05</subfield>
    <subfield code="a">Amānī, Mays̲am,</subfield>
    <subfield code="d">1989 or 1990-</subfield>
    <subfield code="e">editor.</subfield>
  </datafield>
  <datafield tag="880" ind1="1" ind2=" ">
    <subfield code="6">700-05/(3/r‏</subfield>
    <subfield code="a">‏امانى، ميثم،‏</subfield>
  </datafield>
  <datafield tag="700" ind1="1" ind2=" ">
    <subfield code="6">880-06</subfield>
    <subfield code="a">Iḥyāʼī, Zaynab,</subfield>
    <subfield code="e">editor.</subfield>
  </datafield>
  <datafield tag="880" ind1="1" ind2=" ">
    <subfield code="6">700-06/(3/r‏</subfield>
    <subfield code="a">‏احيائى، زينب،‏</subfield>
  </datafield>
  <datafield tag="710" ind1="2" ind2=" ">
    <subfield code="6">880-07</subfield>
    <subfield code="a">Daftar-i Muṭālaʻāt-i Siyāsī va Bayn al-Milalī (Iran).</subfield>
    <subfield code="b">Idārah-i Muṭālaʻāt-i Asnād va Tārīkh-i Ravābiṭ-i Khārijī.</subfield>
  </datafield>
  <datafield tag="880" ind1="2" ind2=" ">
    <subfield code="6">710-07/(3/r‏</subfield>
    <subfield code="a">‏دفتر مطالعات سياسى و بين المللى (ايران).‏</subfield>
    <subfield code="b">‏اداره مطالعات اسناد و تاريخ روابط خارجى</subfield>
  </datafield>
  <datafield tag="710" ind1="1" ind2=" ">
    <subfield code="6">880-08</subfield>
    <subfield code="a">Iran.</subfield>
    <subfield code="b">Vizārat-i Umūr-i Khārijah.</subfield>
    <subfield code="b">Markaz-i Chāp va Intishārāt.</subfield>
  </datafield>
  <datafield tag="880" ind1="1" ind2=" ">
    <subfield code="6">710-08/(3/r‏</subfield>
    <subfield code="a">‏ايران.‏</subfield>
    <subfield code="b">‏وزارت امور خارجه.‏</subfield>
    <subfield code="b">‏مرکز چاپ و انتشارات.</subfield>
  </datafield>
  <datafield tag="985" ind1=" " ind2=" ">
    <subfield code="e">ODE-is</subfield>
  </datafield>
</record>