
<record>
  <leader>04039cam a22003858i 4500</leader>
  <controlfield tag="001">21044255</controlfield>
  <controlfield tag="005">20200103095326.0</controlfield>
  <controlfield tag="008">190627s2019    vau      b   s001 0 eng  </controlfield>
  <datafield tag="906" ind1=" " ind2=" ">
    <subfield code="a">0</subfield>
    <subfield code="b">vip</subfield>
    <subfield code="c">orignew</subfield>
    <subfield code="d">1</subfield>
    <subfield code="e">ecip</subfield>
    <subfield code="f">20</subfield>
    <subfield code="g">y-gencatlg</subfield>
  </datafield>
  <datafield tag="925" ind1="0" ind2=" ">
    <subfield code="a">acquire</subfield>
    <subfield code="b">1 shelf copy</subfield>
    <subfield code="x">policy default</subfield>
  </datafield>
  <datafield tag="955" ind1=" " ind2=" ">
    <subfield code="b">xk13 2019-06-27 ;</subfield>
    <subfield code="i">xk13 2019-06-27 (telework) to DEWEY</subfield>
    <subfield code="w">xm04 2019-07-01</subfield>
    <subfield code="a">xn11 2020-01-03 1 copy rec&apos;d., to CIP ver.</subfield>
  </datafield>
  <datafield tag="010" ind1=" " ind2=" ">
    <subfield code="a">  2019027079</subfield>
  </datafield>
  <datafield tag="020" ind1=" " ind2=" ">
    <subfield code="a">9780813943374</subfield>
    <subfield code="q">(hardback)</subfield>
  </datafield>
  <datafield tag="020" ind1=" " ind2=" ">
    <subfield code="a">9780813943398</subfield>
    <subfield code="q">(paperback)</subfield>
  </datafield>
  <datafield tag="020" ind1=" " ind2=" ">
    <subfield code="z">9780813943381</subfield>
    <subfield code="q">(ebook)</subfield>
  </datafield>
  <datafield tag="040" ind1=" " ind2=" ">
    <subfield code="a">DLC</subfield>
    <subfield code="b">eng</subfield>
    <subfield code="c">DLC</subfield>
    <subfield code="e">rda</subfield>
  </datafield>
  <datafield tag="042" ind1=" " ind2=" ">
    <subfield code="a">pcc</subfield>
  </datafield>
  <datafield tag="043" ind1=" " ind2=" ">
    <subfield code="a">n-us---</subfield>
  </datafield>
  <datafield tag="050" ind1="0" ind2="0">
    <subfield code="a">PS374.S46</subfield>
    <subfield code="b">D55 2019</subfield>
  </datafield>
  <datafield tag="082" ind1="0" ind2="0">
    <subfield code="a">818/.608</subfield>
    <subfield code="2">23</subfield>
  </datafield>
  <datafield tag="100" ind1="1" ind2=" ">
    <subfield code="a">Dill, Elizabeth,</subfield>
    <subfield code="e">author.</subfield>
  </datafield>
  <datafield tag="245" ind1="1" ind2="0">
    <subfield code="a">Erotic citizens :</subfield>
    <subfield code="b">sex and the embodied subject in the antebellum novel /</subfield>
    <subfield code="c">Elizabeth Dill.</subfield>
  </datafield>
  <datafield tag="263" ind1=" " ind2=" ">
    <subfield code="a">1111</subfield>
  </datafield>
  <datafield tag="264" ind1=" " ind2="1">
    <subfield code="a">Charlottesville :</subfield>
    <subfield code="b">University of Virginia Press,</subfield>
    <subfield code="c">2019.</subfield>
  </datafield>
  <datafield tag="300" ind1=" " ind2=" ">
    <subfield code="a">pages cm</subfield>
  </datafield>
  <datafield tag="336" ind1=" " ind2=" ">
    <subfield code="a">text</subfield>
    <subfield code="b">txt</subfield>
    <subfield code="2">rdacontent</subfield>
  </datafield>
  <datafield tag="337" ind1=" " ind2=" ">
    <subfield code="a">unmediated</subfield>
    <subfield code="b">n</subfield>
    <subfield code="2">rdamedia</subfield>
  </datafield>
  <datafield tag="338" ind1=" " ind2=" ">
    <subfield code="a">volume</subfield>
    <subfield code="b">nc</subfield>
    <subfield code="2">rdacarrier</subfield>
  </datafield>
  <datafield tag="504" ind1=" " ind2=" ">
    <subfield code="a">Includes bibliographical references and index.</subfield>
  </datafield>
  <datafield tag="520" ind1=" " ind2=" ">
    <subfield code="a">&quot;What is the role of sex in the age of democratic beginnings? &quot;Erotic Citizens&quot; answers this question by revealing the political workings of extramarital erotic intimacy, when the democratic subject, a figure at the center of the early US republic&apos;s nation-building project, is filled with a curious kind of yearning that only illicit sexual desire can represent. For as much as readers might say about the sober republican ideals of the Enlightenment in America and abroad, the literature of this era speaks of unruly, carnal longings. Through an examination of philosophical tracts, political cartoons, frontispiece illustrations, portraiture, and the novel from the antebellum period, this study advances a new understanding of how the terms of embodiment and selfhood function to define national belonging. From a story of survival authored by a North Carolina slave woman to a philosophical treatise penned by an English earl, the readings included in this study employ the trope of sexual ruin to tell their tales. They turn to the errant-yet often irrepressibly bewitching-sensate encounters among libertines, coquettes, and concubines to define the spirit of the age. They show, again and again, that to build a nation is to undo the virtue of a woman. &quot;Erotic Citizens&quot; explains why. By exploring the far-ranging impact of post-revolutionary American literature&apos;s more prurient aspects, &quot;Erotic Citizens&quot; shows how this era&apos;s depiction of the sometimes erotic, sometimes violent complexion of extramarital sexual encounter defines illicit sex as the point of entry into democracy. In her in-depth analysis, Dill reveals that the genre&apos;s defining principle is its repudiation of the individual as the centerpiece of a democratic polity, through its portrayals of the sexually ruined body&apos;s operational lack of individual will. Ultimately, this book explains why the new American republic witnessed a proliferation of texts about sexual ruin, as it investigates the ruin genre&apos;s claim that the democratic body must by its very nature also be a ruined one&quot;--</subfield>
    <subfield code="c">Provided by publisher.</subfield>
  </datafield>
  <datafield tag="505" ind1="0" ind2=" ">
    <subfield code="a">Introduction: Sexual Ruin and the Early American Novel -- The Aesthetic Work of the Ruin Narrative -- Ruin&apos;s Subject in Shaftesbury&apos;s Characteristicks -- Incest and the Nature of Ruin in the Novels of William Hill Brown -- Seduction and the Patriotism of Ruin in Hannah Webster Foster&apos;s The Coquette -- Ruin, Martyrdom, and the Spectacle of Sympathy from Clotelto The Scarlet Letter -- Ruin, Rape, and the Aesthetic Work of Clarissa in England and America -- Conclusion: The Anatomy of Ruin.</subfield>
  </datafield>
  <datafield tag="650" ind1=" " ind2="0">
    <subfield code="a">Sex in literature.</subfield>
  </datafield>
  <datafield tag="650" ind1=" " ind2="0">
    <subfield code="a">Sex customs in literature.</subfield>
  </datafield>
  <datafield tag="650" ind1=" " ind2="0">
    <subfield code="a">American fiction</subfield>
    <subfield code="y">18th century</subfield>
    <subfield code="x">History and criticism.</subfield>
  </datafield>
  <datafield tag="776" ind1="0" ind2="8">
    <subfield code="i">Online version:</subfield>
    <subfield code="a">Dill, Elizabeth, 1971-</subfield>
    <subfield code="t">Erotic citizens</subfield>
    <subfield code="d">Charlottesville : University of Virginia Press, 2019.</subfield>
    <subfield code="z">9780813943381</subfield>
    <subfield code="w">(DLC) 2019027080</subfield>
  </datafield>
</record>