
<record>
  <leader>02256cam a22004335i 4500</leader>
  <controlfield tag="001">21044788</controlfield>
  <controlfield tag="005">20200103063639.0</controlfield>
  <controlfield tag="008">190628s2019    ir ah    b    000 0 per  </controlfield>
  <datafield tag="906" ind1=" " ind2=" ">
    <subfield code="a">7</subfield>
    <subfield code="b">ibc</subfield>
    <subfield code="c">origode</subfield>
    <subfield code="d">3</subfield>
    <subfield code="e">ncip</subfield>
    <subfield code="f">20</subfield>
    <subfield code="g">y-nonroman</subfield>
  </datafield>
  <datafield tag="925" ind1="0" ind2=" ">
    <subfield code="a">acquire</subfield>
    <subfield code="b">1 shelf copy</subfield>
    <subfield code="x">policy default</subfield>
  </datafield>
  <datafield tag="955" ind1=" " ind2=" ">
    <subfield code="b">wk30 2019-06-28</subfield>
    <subfield code="c">wk31 2019-12-30</subfield>
  </datafield>
  <datafield tag="010" ind1=" " ind2=" ">
    <subfield code="a">  2019340446</subfield>
  </datafield>
  <datafield tag="020" ind1=" " ind2=" ">
    <subfield code="a">9786222010478</subfield>
  </datafield>
  <datafield tag="037" ind1=" " ind2=" ">
    <subfield code="b">Library of Congress -- Islamabad Overseas Office</subfield>
  </datafield>
  <datafield tag="040" ind1=" " ind2=" ">
    <subfield code="a">DLC</subfield>
    <subfield code="b">eng</subfield>
    <subfield code="e">rda</subfield>
    <subfield code="c">DLC</subfield>
  </datafield>
  <datafield tag="042" ind1=" " ind2=" ">
    <subfield code="a">lcode</subfield>
  </datafield>
  <datafield tag="043" ind1=" " ind2=" ">
    <subfield code="a">a-ir---</subfield>
  </datafield>
  <datafield tag="066" ind1=" " ind2=" ">
    <subfield code="c">(3</subfield>
    <subfield code="c">(4</subfield>
  </datafield>
  <datafield tag="245" ind1="0" ind2="0">
    <subfield code="6">880-01</subfield>
    <subfield code="a">Pīsh-i adīb-i ʻishq :</subfield>
    <subfield code="b">arjʹnāmah-ʼi ustād Duktur Saʻīd Ḥamīdiyān /</subfield>
    <subfield code="c">bih khvāstārī va ihtimām-i, Duktur Aḥmad Riz̤ā Bahrāmʹpūr ʻUmrān, Duktur Muḥammad Amīr Jalālī.</subfield>
  </datafield>
  <datafield tag="880" ind1="0" ind2="0">
    <subfield code="6">245-01/(4/r‏</subfield>
    <subfield code="a">‏پيش اديب عشق :‏</subfield>
    <subfield code="b">‏ارج‌نامۀ استاد دکتر سعيد حميديان /‏</subfield>
    <subfield code="c">‏به خواستارى و اهتمام، دکتر احمد رضا بهرام‌پور عمران، دکتر محمد امير جلالى.</subfield>
  </datafield>
  <datafield tag="250" ind1=" " ind2=" ">
    <subfield code="6">880-02</subfield>
    <subfield code="a">Chāp-i avval.</subfield>
  </datafield>
  <datafield tag="880" ind1=" " ind2=" ">
    <subfield code="6">250-02/(4/r‏</subfield>
    <subfield code="a">‏چاپ اول.</subfield>
  </datafield>
  <datafield tag="264" ind1=" " ind2="1">
    <subfield code="6">880-03</subfield>
    <subfield code="a">Tihrān :</subfield>
    <subfield code="b">Nashr-i Qaṭrah,</subfield>
    <subfield code="c">1398 [2019]</subfield>
  </datafield>
  <datafield tag="880" ind1=" " ind2="1">
    <subfield code="6">264-03/(3/r‏</subfield>
    <subfield code="a">‏تهران :‏</subfield>
    <subfield code="b">‏نشر قطره،‏</subfield>
    <subfield code="c">‏‪1398 [2019]‬.</subfield>
  </datafield>
  <datafield tag="300" ind1=" " ind2=" ">
    <subfield code="a">631 pages :</subfield>
    <subfield code="b">illustrations (mostly color), facsimiles ;</subfield>
    <subfield code="c">25 cm.</subfield>
  </datafield>
  <datafield tag="336" ind1=" " ind2=" ">
    <subfield code="a">text</subfield>
    <subfield code="b">txt</subfield>
    <subfield code="2">rdacontent</subfield>
  </datafield>
  <datafield tag="337" ind1=" " ind2=" ">
    <subfield code="a">unmediated</subfield>
    <subfield code="b">n</subfield>
    <subfield code="2">rdamedia</subfield>
  </datafield>
  <datafield tag="338" ind1=" " ind2=" ">
    <subfield code="a">volume</subfield>
    <subfield code="b">nc</subfield>
    <subfield code="2">rdacarrier</subfield>
  </datafield>
  <datafield tag="490" ind1="0" ind2=" ">
    <subfield code="6">880-04</subfield>
    <subfield code="a">Silsilah-i intishārāt ;</subfield>
    <subfield code="v">2012.</subfield>
    <subfield code="a">Shinākhtʹnāmah va khāṭirāt ;</subfield>
    <subfield code="v">80</subfield>
  </datafield>
  <datafield tag="880" ind1="0" ind2=" ">
    <subfield code="6">490-04/(3/r‏</subfield>
    <subfield code="a">‏سلسله انتشارات ؛‏</subfield>
    <subfield code="v">‏2012.‏</subfield>
    <subfield code="a">‏شناخت‌نامه و خاطرات ؛‏</subfield>
    <subfield code="v">‏80</subfield>
  </datafield>
  <datafield tag="504" ind1=" " ind2=" ">
    <subfield code="a">Includes bibliographical references.</subfield>
  </datafield>
  <datafield tag="546" ind1=" " ind2=" ">
    <subfield code="a">In Persian.</subfield>
  </datafield>
  <datafield tag="520" ind1=" " ind2=" ">
    <subfield code="a">Authors, Iranian -- 20th century -- Biography.</subfield>
  </datafield>
  <datafield tag="700" ind1="1" ind2=" ">
    <subfield code="6">880-05</subfield>
    <subfield code="a">Jalālī, Muḥammad Amīr,</subfield>
    <subfield code="e">compiler.</subfield>
  </datafield>
  <datafield tag="880" ind1="1" ind2=" ">
    <subfield code="6">700-05/(3/r‏</subfield>
    <subfield code="a">‏جلالى، محمد امير.</subfield>
  </datafield>
  <datafield tag="700" ind1="1" ind2=" ">
    <subfield code="6">880-06</subfield>
    <subfield code="a">Bahrāmʹpūr ʻUmrān, Aḥmad Riz̤ā,</subfield>
    <subfield code="d">1974 or 1975-,</subfield>
    <subfield code="c">compiler.</subfield>
  </datafield>
  <datafield tag="880" ind1="1" ind2=" ">
    <subfield code="6">700-06/(3/r‏</subfield>
    <subfield code="a">‏بهرام‌پور عمران، احمد رضا.</subfield>
  </datafield>
  <datafield tag="700" ind1="1" ind2=" ">
    <subfield code="a">Saʻīd Ḥamīdiyān,</subfield>
    <subfield code="e">honouree.</subfield>
  </datafield>
  <datafield tag="985" ind1=" " ind2=" ">
    <subfield code="e">ODE-is</subfield>
  </datafield>
</record>