
<record>
  <leader>03231cam a22003498i 4500</leader>
  <controlfield tag="001">21049518</controlfield>
  <controlfield tag="005">20200103161416.0</controlfield>
  <controlfield tag="008">190701s2019    enk      b    001 0 eng  </controlfield>
  <datafield tag="906" ind1=" " ind2=" ">
    <subfield code="a">0</subfield>
    <subfield code="b">ibc</subfield>
    <subfield code="c">orignew</subfield>
    <subfield code="d">1</subfield>
    <subfield code="e">ecip</subfield>
    <subfield code="f">20</subfield>
    <subfield code="g">y-gencatlg</subfield>
  </datafield>
  <datafield tag="925" ind1="0" ind2=" ">
    <subfield code="a">acquire</subfield>
    <subfield code="b">1 shelf copy</subfield>
    <subfield code="x">policy default</subfield>
  </datafield>
  <datafield tag="955" ind1=" " ind2=" ">
    <subfield code="b">xk13 2019-07-01 ;</subfield>
    <subfield code="i">xk13 2019-07-01 (telework) HOLD: to PTCP (JY) (CLED/SHED)</subfield>
    <subfield code="e">td14 2020-01-03 to Dewey</subfield>
  </datafield>
  <datafield tag="010" ind1=" " ind2=" ">
    <subfield code="a">  2019028179</subfield>
  </datafield>
  <datafield tag="020" ind1=" " ind2=" ">
    <subfield code="a">9780367189419</subfield>
    <subfield code="q">(hardback)</subfield>
  </datafield>
  <datafield tag="020" ind1=" " ind2=" ">
    <subfield code="z">9780429199394</subfield>
    <subfield code="q">(ebook)</subfield>
  </datafield>
  <datafield tag="040" ind1=" " ind2=" ">
    <subfield code="a">DLC</subfield>
    <subfield code="b">eng</subfield>
    <subfield code="e">rda</subfield>
    <subfield code="c">DLC</subfield>
  </datafield>
  <datafield tag="042" ind1=" " ind2=" ">
    <subfield code="a">pcc</subfield>
  </datafield>
  <datafield tag="050" ind1="0" ind2="0">
    <subfield code="a">PN4784.I46</subfield>
    <subfield code="b">S26 2019</subfield>
  </datafield>
  <datafield tag="100" ind1="1" ind2=" ">
    <subfield code="a">Sánchez Laws, Ana Luisa,</subfield>
    <subfield code="e">author.</subfield>
  </datafield>
  <datafield tag="245" ind1="1" ind2="0">
    <subfield code="a">Conceptualizing immersive journalism /</subfield>
    <subfield code="c">Ana Luisa Sánchez Laws.</subfield>
  </datafield>
  <datafield tag="263" ind1=" " ind2=" ">
    <subfield code="a">1910</subfield>
  </datafield>
  <datafield tag="264" ind1=" " ind2="1">
    <subfield code="a">London ;</subfield>
    <subfield code="a">New York :</subfield>
    <subfield code="b">Routledge,</subfield>
    <subfield code="c">2019.</subfield>
  </datafield>
  <datafield tag="300" ind1=" " ind2=" ">
    <subfield code="a">pages cm</subfield>
  </datafield>
  <datafield tag="336" ind1=" " ind2=" ">
    <subfield code="a">text</subfield>
    <subfield code="b">txt</subfield>
    <subfield code="2">rdacontent</subfield>
  </datafield>
  <datafield tag="337" ind1=" " ind2=" ">
    <subfield code="a">unmediated</subfield>
    <subfield code="b">n</subfield>
    <subfield code="2">rdamedia</subfield>
  </datafield>
  <datafield tag="338" ind1=" " ind2=" ">
    <subfield code="a">volume</subfield>
    <subfield code="b">nc</subfield>
    <subfield code="2">rdacarrier</subfield>
  </datafield>
  <datafield tag="490" ind1="0" ind2=" ">
    <subfield code="a">Disruptions: studies in digital journalism</subfield>
  </datafield>
  <datafield tag="520" ind1=" " ind2=" ">
    <subfield code="a">&quot;This book presents the history of virtual reality and its introduction into journalism, exploring the challenges posed by pushing to make the experience of news a full body event. The problem of interpretation versus objectivity is discussed, as well as the associated ethical responsibilities. Immersive journalism offers the vicarious reliving of a news event with the full body through virtual reality technologies. As virtual reality devices become more accessible, major news organizations such as the New York Times, the Guardian, Al Jazeera, CNN and many more are starting to experiment with this new form of journalism. This book discusses theoretical issues significant to immersive journalism&apos;s goal of using virtual reality to transport audiences into a news site. These include ethical issues concerning image manipulation and the place of the audience&apos;s body in the presentation of a news event. To approach these issues, the book presents foundational concepts of VR technologies that have helped establish the achievability of being virtually present in a simulated reality, as well as current research about immersive media&apos;s manipulative potential. Using a case-based analysis of how immersive journalism clashes or coincides with the goals of journalism in democratic societies, the book examines the possibilities and ethics of such experiences in journalism and news. Original and intellectually provocative, Conceptualizing Immersive Journalism is an important study of this emerging field for students, scholars and researchers in the areas of Journalism and Media Studies&quot;--</subfield>
    <subfield code="c">Provided by publisher.</subfield>
  </datafield>
  <datafield tag="504" ind1=" " ind2=" ">
    <subfield code="a">Includes bibliographical references and index.</subfield>
  </datafield>
  <datafield tag="505" ind1="0" ind2=" ">
    <subfield code="a">Introduction: why focus on immersive journalism? -- Precedents of Immersive Journalism, between the fatal bullet and the reflective space -- Enter Immersive Journalism: Removing the Frame, Engaging the Body -- The Empathy Machine vs The Objectivity Norm -- The Ethics of Immersive Journalism -- Conclusion.</subfield>
  </datafield>
  <datafield tag="650" ind1=" " ind2="0">
    <subfield code="a">Immersive journalism.</subfield>
  </datafield>
  <datafield tag="650" ind1=" " ind2="0">
    <subfield code="a">Journalistic ethics.</subfield>
  </datafield>
  <datafield tag="776" ind1="0" ind2="8">
    <subfield code="i">Online version:</subfield>
    <subfield code="a">Sanchez Laws, Ana Luisa,</subfield>
    <subfield code="t">Conceptualizing immersive journalism</subfield>
    <subfield code="d">New York : Routledge, 2019.</subfield>
    <subfield code="z">9780429199394</subfield>
    <subfield code="w">(DLC) 2019028180</subfield>
  </datafield>
</record>