
<record>
  <leader>03387cam a22003738i 4500</leader>
  <controlfield tag="001">21050434</controlfield>
  <controlfield tag="005">20200103145439.0</controlfield>
  <controlfield tag="008">190701s2020    enk      b    001 0 eng  </controlfield>
  <datafield tag="906" ind1=" " ind2=" ">
    <subfield code="a">7</subfield>
    <subfield code="b">cbc</subfield>
    <subfield code="c">orignew</subfield>
    <subfield code="d">1</subfield>
    <subfield code="e">ecip</subfield>
    <subfield code="f">20</subfield>
    <subfield code="g">y-gencatlg</subfield>
  </datafield>
  <datafield tag="925" ind1="0" ind2=" ">
    <subfield code="a">acquire</subfield>
    <subfield code="b">1 shelf copy</subfield>
    <subfield code="x">policy default</subfield>
  </datafield>
  <datafield tag="955" ind1=" " ind2=" ">
    <subfield code="b">rk10 2019-07-01</subfield>
    <subfield code="c">rk10 2019-07-01 (telework) to subject</subfield>
    <subfield code="d">re23 2019-08-26 (telework)</subfield>
    <subfield code="e">re23 2019-08-26 (telework) to Dewey</subfield>
    <subfield code="w">xm06 2019-08-26</subfield>
    <subfield code="a">xn11 2019-12-18 1 copy rec&apos;d., to CIP ver.</subfield>
    <subfield code="f">re24 2020-01-03 to CALM</subfield>
  </datafield>
  <datafield tag="010" ind1=" " ind2=" ">
    <subfield code="a">  2019027849</subfield>
  </datafield>
  <datafield tag="020" ind1=" " ind2=" ">
    <subfield code="a">9781138682412</subfield>
    <subfield code="q">(hardback)</subfield>
  </datafield>
  <datafield tag="020" ind1=" " ind2=" ">
    <subfield code="z">9781315545172</subfield>
    <subfield code="q">(ebook)</subfield>
  </datafield>
  <datafield tag="040" ind1=" " ind2=" ">
    <subfield code="a">DLC</subfield>
    <subfield code="b">eng</subfield>
    <subfield code="c">DLC</subfield>
    <subfield code="e">rda</subfield>
    <subfield code="d">DLC</subfield>
  </datafield>
  <datafield tag="042" ind1=" " ind2=" ">
    <subfield code="a">pcc</subfield>
  </datafield>
  <datafield tag="050" ind1="0" ind2="0">
    <subfield code="a">JF1001</subfield>
    <subfield code="b">.J289 2020</subfield>
  </datafield>
  <datafield tag="082" ind1="0" ind2="0">
    <subfield code="a">324.6</subfield>
    <subfield code="2">23</subfield>
  </datafield>
  <datafield tag="100" ind1="1" ind2=" ">
    <subfield code="a">James, Toby S.,</subfield>
    <subfield code="d">1979-</subfield>
    <subfield code="e">author.</subfield>
  </datafield>
  <datafield tag="245" ind1="1" ind2="0">
    <subfield code="a">Comparative electoral management :</subfield>
    <subfield code="b">performance, networks, and instruments /</subfield>
    <subfield code="c">Toby S. James.</subfield>
  </datafield>
  <datafield tag="264" ind1=" " ind2="1">
    <subfield code="a">London ;</subfield>
    <subfield code="a">New York, NY :</subfield>
    <subfield code="b">Routledge, Taylor &amp; Francis Group,</subfield>
    <subfield code="c">2020.</subfield>
  </datafield>
  <datafield tag="300" ind1=" " ind2=" ">
    <subfield code="a">xiv, 322 pages ;</subfield>
    <subfield code="c">25 cm.</subfield>
  </datafield>
  <datafield tag="336" ind1=" " ind2=" ">
    <subfield code="a">text</subfield>
    <subfield code="b">txt</subfield>
    <subfield code="2">rdacontent</subfield>
  </datafield>
  <datafield tag="337" ind1=" " ind2=" ">
    <subfield code="a">unmediated</subfield>
    <subfield code="b">n</subfield>
    <subfield code="2">rdamedia</subfield>
  </datafield>
  <datafield tag="338" ind1=" " ind2=" ">
    <subfield code="a">volume</subfield>
    <subfield code="b">nc</subfield>
    <subfield code="2">rdacarrier</subfield>
  </datafield>
  <datafield tag="490" ind1="0" ind2=" ">
    <subfield code="a">Routledge studies in elections, democracy, and autocracy</subfield>
  </datafield>
  <datafield tag="504" ind1=" " ind2=" ">
    <subfield code="a">Includes bibliographical references and index.</subfield>
  </datafield>
  <datafield tag="505" ind1="0" ind2=" ">
    <subfield code="a">Foundations -- Why Electoral Management Matters -- A Realist Sociological Approach -- Evaluating Electoral Management Performance -- Existing Concepts and Evidence -- The PROSeS Framework -- Part III: Governance Networks -- Electoral Management Governance Networks -- UK Electoral Management Governance Networks -- Comparative Electoral Management Governance Networks -- International Electoral Management Governance Networks -- Instruments -- Voter Registration Reform -- Centralisation -- Human Resource Practices -- Resources and Austerity -- Looking Forward.</subfield>
  </datafield>
  <datafield tag="520" ind1=" " ind2=" ">
    <subfield code="a">&quot;This book offers the first comparative monograph on the management of elections. The book defines electoral management as a new, inter-disciplinary area and advances a realist sociological approach to study it. A series of new, original frameworks are introduced, including the PROSeS framework which can be used by academics and practitioners around the world to evaluate electoral management quality. A networked governance approach is also introduced to understand the full range of collaborative actors involved in delivering elections, including civil society and the international community. Finally, the book evaluates some of the policy instruments used to improve the integrity of elections, including voter registration reform, training and the funding of elections. Extensive mixed methods are used throughout including thematic analysis of interviews, ethnography, comparative historical analysis; and, cross-national and national surveys of electoral officials. This text will be of key interest to scholars, students and practitioners interested and involved in electoral integrity and elections, and more broadly to comparative politics, public administration, international relations and democracy studies&quot;--</subfield>
    <subfield code="c">Provided by publisher.</subfield>
  </datafield>
  <datafield tag="650" ind1=" " ind2="0">
    <subfield code="a">Elections</subfield>
    <subfield code="x">Management.</subfield>
  </datafield>
  <datafield tag="650" ind1=" " ind2="0">
    <subfield code="a">Elections</subfield>
    <subfield code="x">Corrupt practices.</subfield>
  </datafield>
  <datafield tag="650" ind1=" " ind2="0">
    <subfield code="a">Election monitoring.</subfield>
  </datafield>
  <datafield tag="776" ind1="0" ind2="8">
    <subfield code="i">Online version:</subfield>
    <subfield code="a">James, Toby S., 1979-</subfield>
    <subfield code="t">Comparative electoral management</subfield>
    <subfield code="d">New York : Routledge, 2019.</subfield>
    <subfield code="z">9781315545172</subfield>
    <subfield code="w">(DLC) 2019027850</subfield>
  </datafield>
  <datafield tag="985" ind1=" " ind2=" ">
    <subfield code="c">BibFrame Pilot</subfield>
    <subfield code="e">20200103</subfield>
  </datafield>
</record>