
<record>
  <leader>03128cam a2200385 i 4500</leader>
  <controlfield tag="001">21053626</controlfield>
  <controlfield tag="005">20200103115042.0</controlfield>
  <controlfield tag="008">190703t20202020utuab    b    001 0 eng  </controlfield>
  <datafield tag="906" ind1=" " ind2=" ">
    <subfield code="a">7</subfield>
    <subfield code="b">cbc</subfield>
    <subfield code="c">orignew</subfield>
    <subfield code="d">1</subfield>
    <subfield code="e">ecip</subfield>
    <subfield code="f">20</subfield>
    <subfield code="g">y-gencatlg</subfield>
  </datafield>
  <datafield tag="925" ind1="0" ind2=" ">
    <subfield code="a">acquire</subfield>
    <subfield code="b">1 shelf copy</subfield>
    <subfield code="x">policy default</subfield>
  </datafield>
  <datafield tag="955" ind1=" " ind2=" ">
    <subfield code="b">UPB 2019-07-03</subfield>
    <subfield code="e">rk02 2019-07-09 to Dewey (telework--OT)</subfield>
    <subfield code="w">xm07 2019-07-09</subfield>
    <subfield code="a">xn11 2019-12-05 1 copy rec&apos;d., to CIP ver.</subfield>
    <subfield code="a">rk20 2019-12-11 book received in ART</subfield>
    <subfield code="f">rk06 2020-01-03 telework to BCCD</subfield>
  </datafield>
  <datafield tag="010" ind1=" " ind2=" ">
    <subfield code="a">  2019028399</subfield>
  </datafield>
  <datafield tag="020" ind1=" " ind2=" ">
    <subfield code="a">9781944394882</subfield>
    <subfield code="q">(hardcover)</subfield>
  </datafield>
  <datafield tag="040" ind1=" " ind2=" ">
    <subfield code="a">UBP/DLC</subfield>
    <subfield code="b">eng</subfield>
    <subfield code="c">DLC</subfield>
    <subfield code="e">rda</subfield>
    <subfield code="d">DLC</subfield>
  </datafield>
  <datafield tag="042" ind1=" " ind2=" ">
    <subfield code="a">pcc</subfield>
  </datafield>
  <datafield tag="043" ind1=" " ind2=" ">
    <subfield code="a">poto---</subfield>
  </datafield>
  <datafield tag="050" ind1="0" ind2="0">
    <subfield code="a">BX8617.T63</subfield>
    <subfield code="b">M64 2020</subfield>
  </datafield>
  <datafield tag="082" ind1="0" ind2="0">
    <subfield code="a">289.3/9612</subfield>
    <subfield code="2">23</subfield>
  </datafield>
  <datafield tag="100" ind1="1" ind2=" ">
    <subfield code="a">Moffat, Riley Moore,</subfield>
    <subfield code="d">1947-</subfield>
    <subfield code="e">author.</subfield>
  </datafield>
  <datafield tag="245" ind1="1" ind2="0">
    <subfield code="a">Saints of Tonga :</subfield>
    <subfield code="b">a century of island faith /</subfield>
    <subfield code="c">Riley M. Moffat, Fred E. Woods and Brent R. Anderson.</subfield>
  </datafield>
  <datafield tag="264" ind1=" " ind2="1">
    <subfield code="a">Provo, Utah :</subfield>
    <subfield code="b">Religious Studies Center, Brigham Young University</subfield>
    <subfield code="c">[2020]</subfield>
  </datafield>
  <datafield tag="264" ind1=" " ind2="4">
    <subfield code="c">©2020</subfield>
  </datafield>
  <datafield tag="300" ind1=" " ind2=" ">
    <subfield code="a">xi, 464 pages :</subfield>
    <subfield code="b">illustrations, maps ;</subfield>
    <subfield code="c">24 cm</subfield>
  </datafield>
  <datafield tag="336" ind1=" " ind2=" ">
    <subfield code="a">text</subfield>
    <subfield code="b">txt</subfield>
    <subfield code="2">rdacontent</subfield>
  </datafield>
  <datafield tag="337" ind1=" " ind2=" ">
    <subfield code="a">unmediated</subfield>
    <subfield code="b">n</subfield>
    <subfield code="2">rdamedia</subfield>
  </datafield>
  <datafield tag="338" ind1=" " ind2=" ">
    <subfield code="a">volume</subfield>
    <subfield code="b">nc</subfield>
    <subfield code="2">rdacarrier</subfield>
  </datafield>
  <datafield tag="504" ind1=" " ind2=" ">
    <subfield code="a">Includes bibliographical references and index.</subfield>
  </datafield>
  <datafield tag="520" ind1=" " ind2=" ">
    <subfield code="a">&quot;Tonga has by far the highest percentage of members of The Church of Jesus Christ of Latter-day Saints of any country in the world. How did this come to be? At first, missionary work in Tonga appeared to be a failure. Then after the mission was closed for a decade, the Church returned and began harvesting the fruits from the seeds that were planted earlier amid tremendous official opposition. The truths of the gospel resonated with the Tongan people, who exhibited tremendous faith and sacrifice. The Church grew to be a strong influence in the Kingdom of Tonga and with the people of the country. The early years are largely based on the journals and records of the missionaries who served in Tonga, but in the past several decades interviews with Tongan pioneers and Church leaders have added the Tongan voice to their history&quot;--</subfield>
    <subfield code="c">Provided by publisher.</subfield>
  </datafield>
  <datafield tag="505" ind1="0" ind2=" ">
    <subfield code="a">Setting the stage -- Planting seeds with little harvest (1891-97) -- Returning to establish a mission (1907-19) -- Struggling to create a firm foundation (1920-29) -- Challenging times (1930-39) -- Carrying on : the war and afterward (1940-49) -- Liahona, the labor missionaries, and preparing for temple blessings (1950-59) -- Expanding church education and preparing for stakehood (1960-69) -- A Tongan church led by Tongans (1970-79) -- From Tonga temple announcement to centennial celebration (1980-91) -- Epilogue : commemorative events since -- Appendix A: Accounts of the 1962 Tonga hurricane -- Appendix B: Tender mercies on Niuatoputapu -- Appendix C: Tongan leadership and organization.</subfield>
  </datafield>
  <datafield tag="610" ind1="2" ind2="0">
    <subfield code="a">Church of Jesus Christ of Latter-day Saints</subfield>
    <subfield code="z">Tonga</subfield>
    <subfield code="x">History</subfield>
    <subfield code="y">20th century.</subfield>
  </datafield>
  <datafield tag="650" ind1=" " ind2="0">
    <subfield code="a">Mormon Church</subfield>
    <subfield code="z">Tonga</subfield>
    <subfield code="x">History</subfield>
    <subfield code="y">20th century.</subfield>
  </datafield>
  <datafield tag="651" ind1=" " ind2="0">
    <subfield code="a">Tonga</subfield>
    <subfield code="x">History</subfield>
    <subfield code="y">20th century.</subfield>
  </datafield>
  <datafield tag="700" ind1="1" ind2=" ">
    <subfield code="a">Woods, Fred E.,</subfield>
    <subfield code="e">author.</subfield>
  </datafield>
  <datafield tag="700" ind1="1" ind2=" ">
    <subfield code="a">Anderson, Brent R.</subfield>
    <subfield code="q">(Brent Reed),</subfield>
    <subfield code="d">1949-</subfield>
    <subfield code="e">author.</subfield>
  </datafield>
  <datafield tag="985" ind1=" " ind2=" ">
    <subfield code="a">UBPCIP</subfield>
    <subfield code="d">2019-07-03</subfield>
  </datafield>
</record>