
<record>
  <leader>03499cam a2200421 i 4500</leader>
  <controlfield tag="001">21053674</controlfield>
  <controlfield tag="005">20200103115117.0</controlfield>
  <controlfield tag="008">190624s2020    enkb     b    001 0 eng c</controlfield>
  <datafield tag="906" ind1=" " ind2=" ">
    <subfield code="a">7</subfield>
    <subfield code="b">cbc</subfield>
    <subfield code="c">orignew</subfield>
    <subfield code="d">1</subfield>
    <subfield code="e">ecip</subfield>
    <subfield code="f">20</subfield>
    <subfield code="g">y-gencatlg</subfield>
  </datafield>
  <datafield tag="925" ind1="0" ind2=" ">
    <subfield code="a">acquire</subfield>
    <subfield code="b">1 shelf copy</subfield>
    <subfield code="x">policy default</subfield>
  </datafield>
  <datafield tag="955" ind1=" " ind2=" ">
    <subfield code="b">2019-06-23</subfield>
    <subfield code="i">rf26 2019-07-22 to Policy for SH</subfield>
    <subfield code="a">xn17 2019-09-24 1 copy rec&apos;d., to CIP ver.</subfield>
    <subfield code="f">rf26 2019-11-19 to SL</subfield>
    <subfield code="e">td14 2020-01-03 subject proposal revised; reclassed to correct number; three class proposals made; galley to Dewey; book to labeling</subfield>
    <subfield code="w">xm06 2020-01-03</subfield>
  </datafield>
  <datafield tag="010" ind1=" " ind2=" ">
    <subfield code="a">  2019020386</subfield>
  </datafield>
  <datafield tag="020" ind1=" " ind2=" ">
    <subfield code="a">9781138543829</subfield>
    <subfield code="q">(hardback)</subfield>
  </datafield>
  <datafield tag="020" ind1=" " ind2=" ">
    <subfield code="z">9781351005791</subfield>
    <subfield code="q">(mobi)</subfield>
  </datafield>
  <datafield tag="020" ind1=" " ind2=" ">
    <subfield code="z">9781351005807</subfield>
    <subfield code="q">(epub)</subfield>
  </datafield>
  <datafield tag="020" ind1=" " ind2=" ">
    <subfield code="z">9781351005821</subfield>
    <subfield code="q">(ebook)</subfield>
  </datafield>
  <datafield tag="020" ind1=" " ind2=" ">
    <subfield code="z">9781351005814</subfield>
    <subfield code="q">(pdf)</subfield>
  </datafield>
  <datafield tag="040" ind1=" " ind2=" ">
    <subfield code="a">LBSOR/DLC</subfield>
    <subfield code="b">eng</subfield>
    <subfield code="e">rda</subfield>
    <subfield code="c">DLC</subfield>
    <subfield code="d">DLC</subfield>
  </datafield>
  <datafield tag="042" ind1=" " ind2=" ">
    <subfield code="a">pcc</subfield>
  </datafield>
  <datafield tag="043" ind1=" " ind2=" ">
    <subfield code="a">e------</subfield>
    <subfield code="a">aw-----</subfield>
    <subfield code="a">ff-----</subfield>
    <subfield code="a">e-it---</subfield>
    <subfield code="a">e-gr---</subfield>
    <subfield code="a">e-aa---</subfield>
  </datafield>
  <datafield tag="050" ind1="0" ind2="0">
    <subfield code="a">DG239.4</subfield>
    <subfield code="b">.K46 2020</subfield>
  </datafield>
  <datafield tag="082" ind1="0" ind2="0">
    <subfield code="a">937/.03</subfield>
    <subfield code="2">23</subfield>
  </datafield>
  <datafield tag="100" ind1="1" ind2=" ">
    <subfield code="a">Kent, Patrick Alan,</subfield>
    <subfield code="e">author.</subfield>
  </datafield>
  <datafield tag="245" ind1="1" ind2="2">
    <subfield code="a">A history of the Pyrrhic War /</subfield>
    <subfield code="c">Patrick Alan Kent.</subfield>
  </datafield>
  <datafield tag="264" ind1=" " ind2="1">
    <subfield code="a">London ;</subfield>
    <subfield code="a">New York  :</subfield>
    <subfield code="b">Routledge, Taylor and Francis Group,</subfield>
    <subfield code="c">2020.</subfield>
  </datafield>
  <datafield tag="300" ind1=" " ind2=" ">
    <subfield code="a">x, 142 pages, maps ;</subfield>
    <subfield code="c">24 cm.</subfield>
  </datafield>
  <datafield tag="336" ind1=" " ind2=" ">
    <subfield code="a">text</subfield>
    <subfield code="b">txt</subfield>
    <subfield code="2">rdacontent</subfield>
  </datafield>
  <datafield tag="337" ind1=" " ind2=" ">
    <subfield code="a">unmediated</subfield>
    <subfield code="b">n</subfield>
    <subfield code="2">rdamedia</subfield>
  </datafield>
  <datafield tag="338" ind1=" " ind2=" ">
    <subfield code="a">volume</subfield>
    <subfield code="b">nc</subfield>
    <subfield code="2">rdacarrier</subfield>
  </datafield>
  <datafield tag="490" ind1="0" ind2=" ">
    <subfield code="a">Routledge studies in ancient history</subfield>
  </datafield>
  <datafield tag="504" ind1=" " ind2=" ">
    <subfield code="a">Includes bibliographical references and index.</subfield>
  </datafield>
  <datafield tag="505" ind1="0" ind2=" ">
    <subfield code="a">Remembering the Pyrrhic War -- Conflict and competition before Pyrrhus -- The military campaigns of 280 and 279 BCE -- The diplomatic negotiations of 280 and 279 BCE -- In Sicily -- A war ends.</subfield>
  </datafield>
  <datafield tag="520" ind1=" " ind2=" ">
    <subfield code="a">&quot;A History of the Pyrrhic War explores the multi-polar nature of a conflict that involved the Romans, peoples of Italy, western Greeks, and Carthaginians during Pyrrhus&apos; western campaign in the early third century BCE. The war occurred nearly a century before the first historical writings in Rome, resulting in a malleable narrative that emphasized the moral virtues of the Romans, transformed Pyrrhus into a figure that resembled Alexander the Great, disparaged the degeneracy of the Greeks, and demonstrated the malicious intent of the Carthaginians. Kent demonstrates the way events were shaped by later Roman generations to transform the complex geopolitical realities of the Pyrrhic War into a one-dimensional duel between themselves and Pyrrhus that anticipated their rise to greatness. This book analyses the Pyrrhic War through consideration of geopolitical context as well as how later Roman writers remembered the conflict. The focus of the war is taken off Pyrrhus as an individual and shifted towards evaluating the multifaceted interactions of the peoples of Italy and Sicily. A History of the Pyrrhic War is a fundamental resource for academic and learned general readers who have an interest in the interaction of developing imperial powers with their neighbors and how those events shaped the perceptions of later generations. It will be of interest not only to students of Roman history, but also to anyone working on historiography in any period.&quot;--</subfield>
    <subfield code="c">Provided by publisher.</subfield>
  </datafield>
  <datafield tag="650" ind1=" " ind2="0">
    <subfield code="a">Pyrrhic War, 281-275 B.C.</subfield>
  </datafield>
  <datafield tag="650" ind1=" " ind2="0">
    <subfield code="a">Pyrrhic War, 281-275 B.C.</subfield>
    <subfield code="x">Historiography.</subfield>
  </datafield>
  <datafield tag="600" ind1="0" ind2="0">
    <subfield code="a">Pyrrhus,</subfield>
    <subfield code="c">King of Epirus,</subfield>
    <subfield code="d">318 B.C.-272 B.C.</subfield>
  </datafield>
  <datafield tag="776" ind1="0" ind2="8">
    <subfield code="i">Online version:</subfield>
    <subfield code="a">Kent, Patrick Alan.</subfield>
    <subfield code="t">A history of the Pyrrhic War.</subfield>
    <subfield code="d">Abingdon, Oxon ; New York, NY : Routledge, 2019.</subfield>
    <subfield code="z">9781351005791</subfield>
    <subfield code="w">(DLC)  2019981469</subfield>
  </datafield>
  <datafield tag="985" ind1=" " ind2=" ">
    <subfield code="a">LBSORCIP</subfield>
    <subfield code="d">2019-06-23</subfield>
  </datafield>
</record>