
<record>
  <leader>04711cam a22004215i 4500</leader>
  <controlfield tag="001">21057371</controlfield>
  <controlfield tag="005">20200103151550.0</controlfield>
  <controlfield tag="008">190708s2019    enk      b    001 0 eng d</controlfield>
  <datafield tag="906" ind1=" " ind2=" ">
    <subfield code="a">0</subfield>
    <subfield code="b">ibc</subfield>
    <subfield code="c">copycat</subfield>
    <subfield code="d">2</subfield>
    <subfield code="e">epcn</subfield>
    <subfield code="f">20</subfield>
    <subfield code="g">y-gencatlg</subfield>
  </datafield>
  <datafield tag="925" ind1="0" ind2=" ">
    <subfield code="a">acquire</subfield>
    <subfield code="b">1 shelf copy</subfield>
    <subfield code="x">policy default</subfield>
  </datafield>
  <datafield tag="955" ind1=" " ind2=" ">
    <subfield code="b">xd07 2019-07-08</subfield>
    <subfield code="c">xg31 2019-10-21 (telework)</subfield>
    <subfield code="i">xg08 2020-01-03</subfield>
  </datafield>
  <datafield tag="010" ind1=" " ind2=" ">
    <subfield code="a">  2019945338</subfield>
  </datafield>
  <datafield tag="020" ind1=" " ind2=" ">
    <subfield code="a">9781788973250</subfield>
  </datafield>
  <datafield tag="020" ind1=" " ind2=" ">
    <subfield code="z">9781788973267</subfield>
    <subfield code="q">(eBook)</subfield>
  </datafield>
  <datafield tag="035" ind1=" " ind2=" ">
    <subfield code="a">(OCoLC)on1119719863</subfield>
  </datafield>
  <datafield tag="040" ind1=" " ind2=" ">
    <subfield code="a">Y$R</subfield>
    <subfield code="b">eng</subfield>
    <subfield code="c">Y$R</subfield>
    <subfield code="e">rda</subfield>
    <subfield code="d">Z@L</subfield>
    <subfield code="d">OCLCF</subfield>
    <subfield code="d">DLC</subfield>
  </datafield>
  <datafield tag="042" ind1=" " ind2=" ">
    <subfield code="a">lccopycat</subfield>
  </datafield>
  <datafield tag="043" ind1=" " ind2=" ">
    <subfield code="a">e------</subfield>
  </datafield>
  <datafield tag="050" ind1="0" ind2="0">
    <subfield code="a">KJC2871</subfield>
    <subfield code="b">. P+</subfield>
  </datafield>
  <datafield tag="082" ind1="0" ind2="4">
    <subfield code="a">345</subfield>
    <subfield code="2">23</subfield>
  </datafield>
  <datafield tag="245" ind1="0" ind2="0">
    <subfield code="a">Precarious work :</subfield>
    <subfield code="b">the challenge for labour law in Europe /</subfield>
    <subfield code="c">edited by Jeff Kenner, School of Law, University of Nottingham, UK; Izabela Florczak, University of Lodz, Poland; Marta Otto, University of Lodz, Poland.</subfield>
  </datafield>
  <datafield tag="264" ind1=" " ind2="1">
    <subfield code="a">Cheltenham, United Kingdom:</subfield>
    <subfield code="b">Edward Elgar Publishing,</subfield>
    <subfield code="c">[2019]</subfield>
  </datafield>
  <datafield tag="300" ind1=" " ind2=" ">
    <subfield code="a">xvi, 264 pages  ;</subfield>
    <subfield code="c">24 cm</subfield>
  </datafield>
  <datafield tag="336" ind1=" " ind2=" ">
    <subfield code="a">text</subfield>
    <subfield code="b">txt</subfield>
    <subfield code="2">rdacontent</subfield>
  </datafield>
  <datafield tag="337" ind1=" " ind2=" ">
    <subfield code="a">unmediated</subfield>
    <subfield code="b">n</subfield>
    <subfield code="2">rdamedia</subfield>
  </datafield>
  <datafield tag="338" ind1=" " ind2=" ">
    <subfield code="a">volume</subfield>
    <subfield code="b">nc</subfield>
    <subfield code="2">rdacarrier</subfield>
  </datafield>
  <datafield tag="504" ind1=" " ind2=" ">
    <subfield code="a">Includes bibliographical references and index.</subfield>
  </datafield>
  <datafield tag="505" ind1="0" ind2=" ">
    <subfield code="a">Introduction / Jeff Kenner, Marta Otto, Izabela Florczak -- Part I: Precarious work: Towards a new theoretical foundation -- 1. Precarious work and labour regulation in the EU: Current reality and perspectives / Izabela Florczak and Marta Otto -- 2. Precariat : next stage of development or economic predominance in a new scene? / Barbara Godlewska-Bujok and Andrzej Patulski -- 3. Precarious work and social protection : between flexicurity and social pollution / Calogero Massimo Cammalleri -- Part II: The legal contours of precarious work in Europe -- 4. Deepening precarity in the United Kingdom / David Mangan -- 5. The rise of precarious work in Spain. the effects of the increase in labour market flexibility / Anna Ginès I Fabrellas -- 6. Precarity of new forms of employment under Swedish labour law / Annamaria Westregård -- 7. From student work to false self-employment : how to combat precarious work in Slovenia? / Darja Senčur Peček and Valentina Franca -- 8. Precarious work in Poland : how to tackle the abuse of atypical forms of employment? / Łukasz Pisarczyk and Urszula Torbus -- 9. On the balance between flexibility and precarity : atypical forms of employment under the laws of the Czech Republic / Jakub Tomšej -- Part III: The challenge of the &apos;gig economy&apos; -- 10. &quot;Digital work&quot; in the &quot;platform economy&quot; : the last (but not least) stage of precariousness in labour relationships / Gionata Cavallini and Matteo Avogaro -- 11. Uber drivers are &apos;workers&apos; : the expanding scope of the &apos;worker&apos; concept in the UK&apos;s gig economy / Jeff Kenner -- 12. Digital work, real bargaining : how to ensure sustainability of social dialogue in digital era? / Joanna Unterschütz.</subfield>
  </datafield>
  <datafield tag="520" ind1=" " ind2=" ">
    <subfield code="a">&quot;Precarious work is a current concern throughout Europe as a result of the proliferation of new types of employment related to the gig economy. This timely book, positioned at the intersection between European and national labour law, provides a comprehensive analysis of the legal and social policy challenges arising from this phenomenon. Since the 2008 financial crisis, there has been an increasing need to respond to the rise of precarious work and the risk it poses to the European model of secure employment and social protection, which this book thoroughly explores. Chapters first consider the theoretical foundations of the issue, before examining the key characteristics and dynamics of employment regulation in Europe related to precarious work, as well as surveying recent judicial decisions. The book demonstrates the potential for improved labour regulation and case law to address the situation both at EU and national level. Precarious Work will prove invaluable to law, politics, sociology and anthropology scholars with an interest in the phenomenon of precarious labour. Lawyers, policymakers and other practitioners working in this area will also find this book a useful resource&quot;--</subfield>
    <subfield code="c">Provided by publisher.</subfield>
  </datafield>
  <datafield tag="650" ind1=" " ind2="0">
    <subfield code="a">Labor laws and legislation</subfield>
    <subfield code="z">European Union countries.</subfield>
  </datafield>
  <datafield tag="650" ind1=" " ind2="0">
    <subfield code="a">Precarious employment</subfield>
    <subfield code="x">Law and legislation</subfield>
    <subfield code="z">European Union countries.</subfield>
  </datafield>
  <datafield tag="650" ind1=" " ind2="0">
    <subfield code="a">Independent contractors</subfield>
    <subfield code="x">Legal status, laws, etc.</subfield>
    <subfield code="z">European Union countries.</subfield>
  </datafield>
  <datafield tag="650" ind1=" " ind2="0">
    <subfield code="a">Self-employed</subfield>
    <subfield code="x">Legal status, laws, etc.</subfield>
    <subfield code="z">European Union countries.</subfield>
  </datafield>
  <datafield tag="653" ind1=" " ind2=" ">
    <subfield code="a">Gig economy</subfield>
  </datafield>
  <datafield tag="700" ind1="1" ind2=" ">
    <subfield code="a">Kenner, Jeff,</subfield>
    <subfield code="e">editor.</subfield>
  </datafield>
  <datafield tag="700" ind1="1" ind2=" ">
    <subfield code="a">Florczak, Izabela,</subfield>
    <subfield code="e">editor.</subfield>
  </datafield>
  <datafield tag="700" ind1="1" ind2=" ">
    <subfield code="a">Otto, Marta,</subfield>
    <subfield code="e">editor.</subfield>
  </datafield>
  <datafield tag="856" ind1="4" ind2="0">
    <subfield code="z">Full-text</subfield>
    <subfield code="u">http://ezproxy.eui.eu/login?url=https://www.elgaronline.com/view/edcoll/9781788973250/9781788973250.xml</subfield>
  </datafield>
</record>