
<record>
  <leader>02697cam a2200409 i 4500</leader>
  <controlfield tag="001">21058935</controlfield>
  <controlfield tag="005">20200103133019.0</controlfield>
  <controlfield tag="008">190703s2020    nyu      b    001 0 eng  </controlfield>
  <datafield tag="906" ind1=" " ind2=" ">
    <subfield code="a">7</subfield>
    <subfield code="b">cbc</subfield>
    <subfield code="c">orignew</subfield>
    <subfield code="d">1</subfield>
    <subfield code="e">ecip</subfield>
    <subfield code="f">20</subfield>
    <subfield code="g">y-gencatlg</subfield>
  </datafield>
  <datafield tag="925" ind1="0" ind2=" ">
    <subfield code="a">acquire</subfield>
    <subfield code="b">1 shelf copy</subfield>
    <subfield code="x">policy default</subfield>
  </datafield>
  <datafield tag="955" ind1=" " ind2=" ">
    <subfield code="b">NLM 2019-07-09</subfield>
    <subfield code="d">xm08 2019-07-10</subfield>
    <subfield code="w">xm08 2019-07-10</subfield>
    <subfield code="a">xn17 2019-11-21 1 copy rec&apos;d., to CIP ver.</subfield>
    <subfield code="a">rl00 2019-11-26 to SMA</subfield>
    <subfield code="a">rl02 2019-11-26</subfield>
    <subfield code="e">rl02 2020-01-03</subfield>
    <subfield code="f">rl02 2020-01-03 to BCCD</subfield>
  </datafield>
  <datafield tag="010" ind1=" " ind2=" ">
    <subfield code="a">  2019028550</subfield>
  </datafield>
  <datafield tag="020" ind1=" " ind2=" ">
    <subfield code="a">9780826142252</subfield>
    <subfield code="q">(paperback)</subfield>
  </datafield>
  <datafield tag="020" ind1=" " ind2=" ">
    <subfield code="z">9780826142269</subfield>
    <subfield code="q">(ebook)</subfield>
  </datafield>
  <datafield tag="035" ind1=" " ind2=" ">
    <subfield code="a">(DNLM)101750343</subfield>
  </datafield>
  <datafield tag="040" ind1=" " ind2=" ">
    <subfield code="a">DNLM/DLC</subfield>
    <subfield code="b">eng</subfield>
    <subfield code="c">DLC</subfield>
    <subfield code="e">rda</subfield>
    <subfield code="d">DLC</subfield>
  </datafield>
  <datafield tag="042" ind1=" " ind2=" ">
    <subfield code="a">pcc</subfield>
  </datafield>
  <datafield tag="050" ind1="0" ind2="0">
    <subfield code="a">RT50.5</subfield>
    <subfield code="b">.F37 2020</subfield>
  </datafield>
  <datafield tag="060" ind1="1" ind2="0">
    <subfield code="a">WY 26.5</subfield>
  </datafield>
  <datafield tag="082" ind1="0" ind2="0">
    <subfield code="a">610.730285</subfield>
    <subfield code="2">23</subfield>
  </datafield>
  <datafield tag="245" ind1="0" ind2="0">
    <subfield code="a">Fast facts in health informatics for nurses /</subfield>
    <subfield code="c">Lynda R. Hardy, PhD, RN, FAAN, editor.</subfield>
  </datafield>
  <datafield tag="264" ind1=" " ind2="1">
    <subfield code="a">New York :</subfield>
    <subfield code="b">Springer Publishing Company,</subfield>
    <subfield code="c">[2020]</subfield>
  </datafield>
  <datafield tag="300" ind1=" " ind2=" ">
    <subfield code="a">xviii, 182 pages ;</subfield>
    <subfield code="c">21 cm.</subfield>
  </datafield>
  <datafield tag="336" ind1=" " ind2=" ">
    <subfield code="a">text</subfield>
    <subfield code="b">txt</subfield>
    <subfield code="2">rdacontent</subfield>
  </datafield>
  <datafield tag="337" ind1=" " ind2=" ">
    <subfield code="a">unmediated</subfield>
    <subfield code="b">n</subfield>
    <subfield code="2">rdamedia</subfield>
  </datafield>
  <datafield tag="338" ind1=" " ind2=" ">
    <subfield code="a">volume</subfield>
    <subfield code="b">nc</subfield>
    <subfield code="2">rdacarrier</subfield>
  </datafield>
  <datafield tag="490" ind1="1" ind2=" ">
    <subfield code="a">Fast facts</subfield>
  </datafield>
  <datafield tag="504" ind1=" " ind2=" ">
    <subfield code="a">Includes bibliographical references and index.</subfield>
  </datafield>
  <datafield tag="505" ind1="0" ind2=" ">
    <subfield code="a">Informatics and why it matters / Lynda R Hardy &amp; Ann Deerhake -- Informatics frameworks and competencies : what a nurse needs to know / Carolyn Sipes &amp; Lynda R Hardy -- The power of data / Rebecca Freeman &amp; Helen Hill -- Technology and informatics / Tami Wyatt &amp; Xueping Li -- Getting familiar with the architecture : computing systems, networks, and data security / Lisa Blair -- The EHR/EMR/PHR / Angela Wilson-VanMeter, Laurel Courtney -- Decision support in the age of precision health / Lisa Blair -- Informatics and the floor nurse / Laurel Courtney &amp; Judith Moore -- Digital health : mHealth, telehealth, and wearables / Rebecca, Koszalinski, Marjorie Kelley, Tara R. O&apos;Brien -- Ethical, legal, and regulatory issues / Carolyn Sipes &amp; Lynda R Hardy -- The user experience / Paula Smailes &amp; Marjorie Kelley.</subfield>
  </datafield>
  <datafield tag="520" ind1=" " ind2=" ">
    <subfield code="a">&quot;This book begins with a description of what is data and why it is important. The chapters explain how you can influence the quality of data and gain an understanding to advocate for the effective capture and use of data to improve your knowledge and provide the best patient care possible. The book will help you understand how you can influence the effective use of technology in healthcare delivery&quot;--</subfield>
    <subfield code="c">Provided by publisher.</subfield>
  </datafield>
  <datafield tag="650" ind1="1" ind2="2">
    <subfield code="a">Medical Informatics Applications</subfield>
  </datafield>
  <datafield tag="650" ind1="2" ind2="2">
    <subfield code="a">Nursing Care</subfield>
  </datafield>
  <datafield tag="655" ind1=" " ind2="2">
    <subfield code="a">Nurses Instruction</subfield>
  </datafield>
  <datafield tag="655" ind1=" " ind2="2">
    <subfield code="a">Case Reports</subfield>
  </datafield>
  <datafield tag="700" ind1="1" ind2=" ">
    <subfield code="a">Hardy, Lynda R.,</subfield>
    <subfield code="e">editor.</subfield>
  </datafield>
  <datafield tag="830" ind1=" " ind2="0">
    <subfield code="a">Fast facts (Springer Publishing Company)</subfield>
  </datafield>
  <datafield tag="985" ind1=" " ind2=" ">
    <subfield code="a">NLMCIP</subfield>
    <subfield code="d">2019-07-09</subfield>
  </datafield>
</record>