
<record>
  <leader>02586cam a22002895i 4500</leader>
  <controlfield tag="001">21064882</controlfield>
  <controlfield tag="005">20200103171459.0</controlfield>
  <controlfield tag="008">190709s2019    nyu           000 0 eng  </controlfield>
  <datafield tag="906" ind1=" " ind2=" ">
    <subfield code="a">0</subfield>
    <subfield code="b">ibc</subfield>
    <subfield code="c">orignew</subfield>
    <subfield code="d">2</subfield>
    <subfield code="e">epcn</subfield>
    <subfield code="f">20</subfield>
    <subfield code="g">y-gencatlg</subfield>
  </datafield>
  <datafield tag="925" ind1="0" ind2=" ">
    <subfield code="a">acquire</subfield>
    <subfield code="b">1 shelf copy</subfield>
    <subfield code="x">policy default</subfield>
  </datafield>
  <datafield tag="955" ind1=" " ind2=" ">
    <subfield code="b">xd07 2019-07-09</subfield>
    <subfield code="a">xn11 2019-09-19 1 copy rec&apos;d., to USASH</subfield>
    <subfield code="a">re13 2019-09-25 Copy 1 received GPSE</subfield>
    <subfield code="a">HAND CARRY X COPIES/CIP COPY/LP COPY/ANY COPIES NEEDED FOR CONGRESSIONAL LOAN; DO NOT DISCARD; PLS CONTACT/scar, x7717 2020--01-03</subfield>
  </datafield>
  <datafield tag="010" ind1=" " ind2=" ">
    <subfield code="a">  2019945474</subfield>
  </datafield>
  <datafield tag="020" ind1=" " ind2=" ">
    <subfield code="a">9780062691545</subfield>
    <subfield code="q">(hardcover)</subfield>
  </datafield>
  <datafield tag="020" ind1=" " ind2=" ">
    <subfield code="a">9780062691552</subfield>
    <subfield code="q">(paperback)</subfield>
  </datafield>
  <datafield tag="020" ind1=" " ind2=" ">
    <subfield code="z">9780062691569</subfield>
    <subfield code="q">(ebook)</subfield>
  </datafield>
  <datafield tag="040" ind1=" " ind2=" ">
    <subfield code="a">DLC</subfield>
    <subfield code="b">eng</subfield>
    <subfield code="e">rda</subfield>
    <subfield code="c">DLC</subfield>
  </datafield>
  <datafield tag="042" ind1=" " ind2=" ">
    <subfield code="a">pcc</subfield>
  </datafield>
  <datafield tag="100" ind1="1" ind2=" ">
    <subfield code="a">Heinerth, Jill,</subfield>
    <subfield code="e">author.</subfield>
  </datafield>
  <datafield tag="245" ind1="1" ind2="0">
    <subfield code="a">Into the planet :</subfield>
    <subfield code="b">my life as a cave diver /</subfield>
    <subfield code="c">Jill Heinerth.</subfield>
  </datafield>
  <datafield tag="250" ind1=" " ind2=" ">
    <subfield code="a">1.</subfield>
  </datafield>
  <datafield tag="263" ind1=" " ind2=" ">
    <subfield code="a">1908</subfield>
  </datafield>
  <datafield tag="264" ind1=" " ind2="1">
    <subfield code="a">New York :</subfield>
    <subfield code="b">Ecco,</subfield>
    <subfield code="c">2019.</subfield>
  </datafield>
  <datafield tag="300" ind1=" " ind2=" ">
    <subfield code="a">pages cm</subfield>
  </datafield>
  <datafield tag="336" ind1=" " ind2=" ">
    <subfield code="a">text</subfield>
    <subfield code="b">txt</subfield>
    <subfield code="2">rdacontent</subfield>
  </datafield>
  <datafield tag="337" ind1=" " ind2=" ">
    <subfield code="a">unmediated</subfield>
    <subfield code="b">n</subfield>
    <subfield code="2">rdamedia</subfield>
  </datafield>
  <datafield tag="338" ind1=" " ind2=" ">
    <subfield code="a">volume</subfield>
    <subfield code="b">nc</subfield>
    <subfield code="2">rdacarrier</subfield>
  </datafield>
  <datafield tag="520" ind1=" " ind2=" ">
    <subfield code="a">&quot;More people have died exploring underwater caves than climbing Mount Everest, and we know more about deep space than we do about the depths of our oceans. From one of the top cave divers working today-and one of the very few women in her field-Into the Planet blends science, adventure, and memoir to bring readers face-to-face with the terror and beauty of earth&apos;s remaining unknowns and the extremes of human capability. Jill Heinerth-the first person in history to dive deep into an Antarctic iceberg and leader of a team who discovered the ancient watery remains of Mayan civilizations-has descended further into the inner depths of our planet than any other woman in history. She takes us into the harrowing split-second decisions that determine whether a diver makes it back to shore, the prejudices that prevent women from pursuing careers underwater, and her endeavor to retrieve a fallen friend&apos;s body from the confines of a cave. But there&apos;s beauty beyond the danger of diving, and while Heinerth swims beneath our feet in the lifeblood of our planet, she works with biologists discovering new species, physicists tracking climate change, and hydrogeologists examining our finite freshwater reserves. Written with hair-raising intensity, Into the Planet is the first book to deliver an intimate account of cave diving, transporting readers deep into inner space, where fear must be reconciled and a mission&apos;s success balances between knowing one&apos;s limits and pushing the envelope of human endurance&quot;--</subfield>
    <subfield code="c">Provided by publisher.</subfield>
  </datafield>
</record>