
<record>
  <leader>03409cam a22003858i 4500</leader>
  <controlfield tag="001">21065005</controlfield>
  <controlfield tag="005">20200103133612.0</controlfield>
  <controlfield tag="008">190709s2020    enk      b    101 0 eng  </controlfield>
  <datafield tag="906" ind1=" " ind2=" ">
    <subfield code="a">0</subfield>
    <subfield code="b">vip</subfield>
    <subfield code="c">orignew</subfield>
    <subfield code="d">1</subfield>
    <subfield code="e">ecip</subfield>
    <subfield code="f">20</subfield>
    <subfield code="g">y-gencatlg</subfield>
  </datafield>
  <datafield tag="925" ind1="0" ind2=" ">
    <subfield code="a">acquire</subfield>
    <subfield code="b">1 shelf copy</subfield>
    <subfield code="x">policy default</subfield>
  </datafield>
  <datafield tag="955" ind1=" " ind2=" ">
    <subfield code="b">xg08 2019-07-09</subfield>
    <subfield code="i">xg08 2019-07-09</subfield>
    <subfield code="e">xg31 2019-07-11 (telework) to Dewey</subfield>
    <subfield code="w">xm06 2019-07-11</subfield>
    <subfield code="a">xn11 2020-01-03 1 copy rec&apos;d., to CIP ver.</subfield>
  </datafield>
  <datafield tag="010" ind1=" " ind2=" ">
    <subfield code="a">  2019028891</subfield>
  </datafield>
  <datafield tag="020" ind1=" " ind2=" ">
    <subfield code="a">9780367146610</subfield>
    <subfield code="q">(hardback)</subfield>
  </datafield>
  <datafield tag="020" ind1=" " ind2=" ">
    <subfield code="z">9780429052989</subfield>
    <subfield code="q">(ebook)</subfield>
  </datafield>
  <datafield tag="020" ind1=" " ind2=" ">
    <subfield code="z">9780429629655</subfield>
    <subfield code="q">(adobe pdf)</subfield>
  </datafield>
  <datafield tag="020" ind1=" " ind2=" ">
    <subfield code="z">9780429626371</subfield>
    <subfield code="q">(mobi)</subfield>
  </datafield>
  <datafield tag="020" ind1=" " ind2=" ">
    <subfield code="z">9780429628016</subfield>
    <subfield code="q">(epub)</subfield>
  </datafield>
  <datafield tag="040" ind1=" " ind2=" ">
    <subfield code="a">DLC</subfield>
    <subfield code="b">eng</subfield>
    <subfield code="c">DLC</subfield>
    <subfield code="e">rda</subfield>
  </datafield>
  <datafield tag="042" ind1=" " ind2=" ">
    <subfield code="a">pcc</subfield>
  </datafield>
  <datafield tag="050" ind1="0" ind2="0">
    <subfield code="a">KZ6373</subfield>
    <subfield code="b">.E265 2020</subfield>
  </datafield>
  <datafield tag="082" ind1="0" ind2="0">
    <subfield code="a">341.5/82</subfield>
    <subfield code="2">23</subfield>
  </datafield>
  <datafield tag="245" ind1="0" ind2="0">
    <subfield code="a">Economic sanctions in international law and practice /</subfield>
    <subfield code="c">edited by Masahiko Asada.</subfield>
  </datafield>
  <datafield tag="263" ind1=" " ind2=" ">
    <subfield code="a">1111</subfield>
  </datafield>
  <datafield tag="264" ind1=" " ind2="1">
    <subfield code="a">Abingdon, Oxon ;</subfield>
    <subfield code="a">New York, NY :</subfield>
    <subfield code="b">Routledge,</subfield>
    <subfield code="c">2020.</subfield>
  </datafield>
  <datafield tag="300" ind1=" " ind2=" ">
    <subfield code="a">pages cm.</subfield>
  </datafield>
  <datafield tag="336" ind1=" " ind2=" ">
    <subfield code="a">text</subfield>
    <subfield code="b">txt</subfield>
    <subfield code="2">rdacontent</subfield>
  </datafield>
  <datafield tag="337" ind1=" " ind2=" ">
    <subfield code="a">unmediated</subfield>
    <subfield code="b">n</subfield>
    <subfield code="2">rdamedia</subfield>
  </datafield>
  <datafield tag="338" ind1=" " ind2=" ">
    <subfield code="a">volume</subfield>
    <subfield code="b">nc</subfield>
    <subfield code="2">rdacarrier</subfield>
  </datafield>
  <datafield tag="490" ind1="0" ind2=" ">
    <subfield code="a">Routledge advances in international relations and global politics</subfield>
  </datafield>
  <datafield tag="500" ind1=" " ind2=" ">
    <subfield code="a">&quot;The book has its origin in a series of small symposiums held in 2015 to 2017 in Japan and in France. Three universities, Kobe University, Kyoto University and the University of Paris Sud-11, were the co-sponsors of the symposiums ...&quot; -- ECIP Preface.</subfield>
  </datafield>
  <datafield tag="504" ind1=" " ind2=" ">
    <subfield code="a">Includes bibliographical references and index.</subfield>
  </datafield>
  <datafield tag="505" ind1="0" ind2=" ">
    <subfield code="a">Definition and Legal Justification of Sanctions / Masahiko Asada -- United Nations and Sanctions / Philippe Achilleas -- Human Rights Implications of Sanctions / Pierre-Emmanuel Dupont -- Legality of Extraterritorial Sanctions / Mirko Sossai -- History of Implementation of Sanctions / Jean-Marc Thouvenin -- Implementation of Sanctions : United States / Richard Nephew -- Implementation of Sanctions : European Union / Francesco Giumelli -- Implementation of Sanctions : Japan / Machiko Kanetake -- North Korea : Design, Implementation and Evasion / Andrea Berger -- Iran : The Role and Effectiveness of UN Sanctions / Kazuto Suzuki -- Syria : The Chemical Weapons Question and Autonomous Sanctions / Tatsuya Abe -- Russia : The Crimea Question and Autonomous Sanctions / Mika Hayashi</subfield>
  </datafield>
  <datafield tag="520" ind1=" " ind2=" ">
    <subfield code="a">&quot;Providing perspectives from a range of experts, including international lawyers, political scientists and practitioners, this book assesses current theory and practice of economic sanctions, discussing current legal and political challenges faced by the international community. It examines both the implementation of sanctions by major powers -the United States, European Union and Japan - as well as assessing the impact of those sanctions through case studies of Russia, Iran, Syria and North Korea. Balancing theoretical analysis of legal considerations with national and regional level empirical analysis, it also includes coverage of sanctions issues by the UN Security Council and the EU, as well as the extraterritorial application of sanctions. A valuable reference for academics and practitioners, Economic Sanctions in International Law and Practice will be useful to those working in the fields of international law, diplomacy, and international political economy&quot;--</subfield>
    <subfield code="c">Provided by publisher.</subfield>
  </datafield>
  <datafield tag="650" ind1=" " ind2="0">
    <subfield code="a">Sanctions (International law)</subfield>
    <subfield code="v">Congresses.</subfield>
  </datafield>
  <datafield tag="700" ind1="1" ind2=" ">
    <subfield code="a">Asada, Masahiko,</subfield>
    <subfield code="d">1958-</subfield>
    <subfield code="e">editor.</subfield>
  </datafield>
</record>