
<record>
  <leader>04099cam a22004338i 4500</leader>
  <controlfield tag="001">21065342</controlfield>
  <controlfield tag="005">20200103095833.0</controlfield>
  <controlfield tag="008">190709s2020    enk      b    001 0 eng  </controlfield>
  <datafield tag="906" ind1=" " ind2=" ">
    <subfield code="a">0</subfield>
    <subfield code="b">vip</subfield>
    <subfield code="c">orignew</subfield>
    <subfield code="d">1</subfield>
    <subfield code="e">ecip</subfield>
    <subfield code="f">20</subfield>
    <subfield code="g">y-gencatlg</subfield>
  </datafield>
  <datafield tag="925" ind1="0" ind2=" ">
    <subfield code="a">acquire</subfield>
    <subfield code="b">1 shelf copy</subfield>
    <subfield code="x">policy default</subfield>
  </datafield>
  <datafield tag="955" ind1=" " ind2=" ">
    <subfield code="b">rk10 2019-07-09</subfield>
    <subfield code="c">rk10 2019-07-09 (telework) to subject</subfield>
    <subfield code="d">re23 2019-09-26 (telework)</subfield>
    <subfield code="e">re23 2019-09-26 (telework) to Dewey</subfield>
    <subfield code="w">xm06 2019-09-26</subfield>
    <subfield code="a">xn11 2020-01-03 1 copy rec&apos;d., to CIP ver.</subfield>
  </datafield>
  <datafield tag="010" ind1=" " ind2=" ">
    <subfield code="a">  2019029094</subfield>
  </datafield>
  <datafield tag="020" ind1=" " ind2=" ">
    <subfield code="a">9780367342111</subfield>
    <subfield code="q">(hardcover)</subfield>
  </datafield>
  <datafield tag="020" ind1=" " ind2=" ">
    <subfield code="a">9780367342104</subfield>
    <subfield code="q">(paperback)</subfield>
  </datafield>
  <datafield tag="020" ind1=" " ind2=" ">
    <subfield code="z">9780429324482</subfield>
    <subfield code="q">(ebook)</subfield>
  </datafield>
  <datafield tag="040" ind1=" " ind2=" ">
    <subfield code="a">DLC</subfield>
    <subfield code="b">eng</subfield>
    <subfield code="c">DLC</subfield>
    <subfield code="e">rda</subfield>
  </datafield>
  <datafield tag="041" ind1="1" ind2=" ">
    <subfield code="a">eng</subfield>
    <subfield code="h">fre</subfield>
  </datafield>
  <datafield tag="042" ind1=" " ind2=" ">
    <subfield code="a">pcc</subfield>
  </datafield>
  <datafield tag="050" ind1="0" ind2="0">
    <subfield code="a">JF799</subfield>
    <subfield code="b">.M8913 2020</subfield>
  </datafield>
  <datafield tag="082" ind1="0" ind2="0">
    <subfield code="a">323/.042091821</subfield>
    <subfield code="2">23</subfield>
  </datafield>
  <datafield tag="100" ind1="1" ind2=" ">
    <subfield code="a">Muzergues, Thibault,</subfield>
    <subfield code="e">author.</subfield>
  </datafield>
  <datafield tag="240" ind1="1" ind2="0">
    <subfield code="a">Quadrature des classes.</subfield>
    <subfield code="l">English</subfield>
  </datafield>
  <datafield tag="245" ind1="1" ind2="4">
    <subfield code="a">The great class shift :</subfield>
    <subfield code="b">how new social class structures are redefining Western politics /</subfield>
    <subfield code="c">Thibault Muzergues.</subfield>
  </datafield>
  <datafield tag="263" ind1=" " ind2=" ">
    <subfield code="a">1111</subfield>
  </datafield>
  <datafield tag="264" ind1=" " ind2="1">
    <subfield code="a">New York :</subfield>
    <subfield code="b">Routledge,</subfield>
    <subfield code="c">2019.</subfield>
  </datafield>
  <datafield tag="300" ind1=" " ind2=" ">
    <subfield code="a">pages cm</subfield>
  </datafield>
  <datafield tag="336" ind1=" " ind2=" ">
    <subfield code="a">text</subfield>
    <subfield code="b">txt</subfield>
    <subfield code="2">rdacontent</subfield>
  </datafield>
  <datafield tag="337" ind1=" " ind2=" ">
    <subfield code="a">unmediated</subfield>
    <subfield code="b">n</subfield>
    <subfield code="2">rdamedia</subfield>
  </datafield>
  <datafield tag="338" ind1=" " ind2=" ">
    <subfield code="a">volume</subfield>
    <subfield code="b">nc</subfield>
    <subfield code="2">rdacarrier</subfield>
  </datafield>
  <datafield tag="504" ind1=" " ind2=" ">
    <subfield code="a">Includes bibliographical references and index.</subfield>
  </datafield>
  <datafield tag="505" ind1="0" ind2=" ">
    <subfield code="a">CLASS SHIFTING: HOW FOUR SOCIAL CLASSES CAME TO REDEFINE OUR ELECTORAL -- LANDSCAPES  -- In the Beginning Was the Creative Class -- The Suburban (and Provincial) Middle Class: a pro-system rebellion -- The New Minority, or the revolt of the white working-class -- The Millennials, or the Left&apos;s new rebels -- FALLING APART OR COMING TOGETHER? COALITION DILEMMAS FOR ELECTION VICTORY -- IN A FOUR-CLASS SYSTEM  -- France and the United States: from new fault lines to new coalitions -- North-Western Europe: Divergent scenarios in the economic heart of Europe -- Central and Eastern Europe: Power to the (white) working class -- Southern Europe: The Heart of the Millennial Challenge.</subfield>
  </datafield>
  <datafield tag="520" ind1=" " ind2=" ">
    <subfield code="a">&quot;This thought-provoking book offers a new global approach to understand how four social class structures have rocked our political systems, to the extent that no politician or political party can exist today without claiming to be speaking on their behalf, and no politician can hope to win an electoral majority without building a coalition between these classes. Based on a four-fold analysis - Urban and Liberal Creatives, Suburban Middle Class, White Working Class and the Millennials - this book shows that while many have focused on a supply-side vision of politics to explain the upheavals in our political party systems, a vision centred on demand - and the Weberian take on political parties as vehicles for class interests - is more compelling. In 2016, our political world was changed forever by the victories of Brexit in the UK and Donald Trump in the USA. Far from being confined to the Anglosphere however, changes have also rocked the political landscapes in Europe. As the crisis of 2008 has shaken the foundations of Western societies, shrinking the size of the previously all-powerful middle class, new classes have emerged, and with them a new political demand that new (or old) parties have tried to satisfy. This book will be of key interest to political practitioners (politicians, advisors/consultants, journalists, political pundits, party builders and government officials) and more broadly to academics, students and readers of European and Western politics, political sociology, party politics and political parties and electoral demographics&quot;--</subfield>
    <subfield code="c">Provided by publisher.</subfield>
  </datafield>
  <datafield tag="650" ind1=" " ind2="0">
    <subfield code="a">Political participation</subfield>
    <subfield code="x">Social aspects</subfield>
    <subfield code="z">Western countries.</subfield>
  </datafield>
  <datafield tag="650" ind1=" " ind2="0">
    <subfield code="a">Social structure</subfield>
    <subfield code="x">Political aspects</subfield>
    <subfield code="z">Western countries.</subfield>
  </datafield>
  <datafield tag="650" ind1=" " ind2="0">
    <subfield code="a">Social classes</subfield>
    <subfield code="z">Western countries.</subfield>
  </datafield>
  <datafield tag="650" ind1=" " ind2="0">
    <subfield code="a">Political parties</subfield>
    <subfield code="z">Western countries.</subfield>
  </datafield>
  <datafield tag="650" ind1=" " ind2="0">
    <subfield code="a">Elections</subfield>
    <subfield code="x">Social aspects</subfield>
    <subfield code="z">Western countries.</subfield>
  </datafield>
  <datafield tag="651" ind1=" " ind2="0">
    <subfield code="a">Western countries</subfield>
    <subfield code="x">Politics and government</subfield>
    <subfield code="y">21st century.</subfield>
  </datafield>
  <datafield tag="776" ind1="0" ind2="8">
    <subfield code="i">Online version:</subfield>
    <subfield code="a">Muzergues, Thibault,</subfield>
    <subfield code="t">The great class shift</subfield>
    <subfield code="d">Abingdon, Oxon ; New York, NY : Routledge, 2020.</subfield>
    <subfield code="z">9780429324482</subfield>
    <subfield code="w">(DLC) 2019029095</subfield>
  </datafield>
</record>