
<record>
  <leader>03081cam a2200325 i 4500</leader>
  <controlfield tag="001">21067832</controlfield>
  <controlfield tag="005">20200103134001.0</controlfield>
  <controlfield tag="008">190711s2019    ilu           000 0 eng  </controlfield>
  <datafield tag="906" ind1=" " ind2=" ">
    <subfield code="a">7</subfield>
    <subfield code="b">cbc</subfield>
    <subfield code="c">origres</subfield>
    <subfield code="d">2</subfield>
    <subfield code="e">ncip</subfield>
    <subfield code="f">20</subfield>
    <subfield code="g">y-gencatlg</subfield>
  </datafield>
  <datafield tag="925" ind1="0" ind2=" ">
    <subfield code="a">Acquire</subfield>
    <subfield code="b">1 shelf copy</subfield>
    <subfield code="x">policy default</subfield>
  </datafield>
  <datafield tag="955" ind1=" " ind2=" ">
    <subfield code="b">xk15 2019-07-11</subfield>
    <subfield code="b">xk01 2019-12-31 z-processor</subfield>
    <subfield code="i">xk01 2020-01-03 to CALM</subfield>
  </datafield>
  <datafield tag="010" ind1=" " ind2=" ">
    <subfield code="a">  2019299496</subfield>
  </datafield>
  <datafield tag="020" ind1=" " ind2=" ">
    <subfield code="a">9781640306547</subfield>
  </datafield>
  <datafield tag="020" ind1=" " ind2=" ">
    <subfield code="a">1640306544</subfield>
  </datafield>
  <datafield tag="040" ind1=" " ind2=" ">
    <subfield code="a">DLC</subfield>
    <subfield code="c">DLC</subfield>
  </datafield>
  <datafield tag="042" ind1=" " ind2=" ">
    <subfield code="a">pcc</subfield>
  </datafield>
  <datafield tag="050" ind1="0" ind2="0">
    <subfield code="a">PN6122</subfield>
    <subfield code="b">.G747 2019</subfield>
  </datafield>
  <datafield tag="245" ind1="0" ind2="0">
    <subfield code="a">Great speeches that changed the world /</subfield>
    <subfield code="c">contributing writers: Elisabeth Andrews, Marty Strasen and Beth Taylor.</subfield>
  </datafield>
  <datafield tag="250" ind1=" " ind2=" ">
    <subfield code="a">Revised and updated edition.</subfield>
  </datafield>
  <datafield tag="264" ind1=" " ind2="1">
    <subfield code="a">Morton Grove, Illinois :</subfield>
    <subfield code="b">Publications International, LTD,</subfield>
    <subfield code="c">[2019]</subfield>
  </datafield>
  <datafield tag="300" ind1=" " ind2=" ">
    <subfield code="a">144 pages :</subfield>
    <subfield code="b">color illustrations ;</subfield>
    <subfield code="c">25 cm</subfield>
  </datafield>
  <datafield tag="336" ind1=" " ind2=" ">
    <subfield code="a">text</subfield>
    <subfield code="b">txt</subfield>
    <subfield code="2">rdacontent</subfield>
  </datafield>
  <datafield tag="337" ind1=" " ind2=" ">
    <subfield code="a">unmediated</subfield>
    <subfield code="b">n</subfield>
    <subfield code="2">rdamedia</subfield>
  </datafield>
  <datafield tag="338" ind1=" " ind2=" ">
    <subfield code="a">volume</subfield>
    <subfield code="b">nc</subfield>
    <subfield code="2">rdacarrier</subfield>
  </datafield>
  <datafield tag="520" ind1=" " ind2=" ">
    <subfield code="a">Discover 70 great speeches from leaders such as Winston Churchill, Gandhi, John F. Kennedy, Malcolm X, Shirley Chisholm, Ronald Reagan, Gloria Steinem, Bill Gates, and many more. Read excerpts from powerful speeches such as MLK&apos;s &quot;I Have a Dream,&quot; Churchill&apos;s &quot;We Shall Fight on the Beaches,&quot; LBJ&apos;s &quot;We Shall Overcome,&quot; Mary Fisher&apos;s &quot;A Whisper of AIDS,&quot; and Elie Wiesel&apos;s &quot;The Perils of Indifference.&quot; These memorable speeches are organized chronologically, beginning with Marie Curie and ending with Elon Musk. Each spread includes an introduction to the speaker and speech as well as key excerpts from the speech.</subfield>
  </datafield>
  <datafield tag="505" ind1="0" ind2="0">
    <subfield code="t">Marie Curie--</subfield>
    <subfield code="t">Woodrow Wilson --</subfield>
    <subfield code="t">Margaret Sanger --</subfield>
    <subfield code="t">Franklin D. Roosevelt --</subfield>
    <subfield code="t">Winston Churchill --</subfield>
    <subfield code="t">Mohandas Gandhi --</subfield>
    <subfield code="t">J. Robert Oppenheimer --</subfield>
    <subfield code="t">Albert Einstein --</subfield>
    <subfield code="t">Jawaharlal Nehru --</subfield>
    <subfield code="t">George Marshall --</subfield>
    <subfield code="t">William Faulkner --</subfield>
    <subfield code="t">Dwight D. Eisenhower --</subfield>
    <subfield code="t">John F. Kennedy --</subfield>
    <subfield code="t">Newton Minow --</subfield>
    <subfield code="t">Martin Luther King, Jr. --</subfield>
    <subfield code="t">Malcolm X --</subfield>
    <subfield code="t">Barry Goldwater --</subfield>
    <subfield code="t">Mario Savio --</subfield>
    <subfield code="t">Lyndon B. Johnson --</subfield>
    <subfield code="t">Timothy Leary--</subfield>
    <subfield code="t">Stokely Carmichael --</subfield>
    <subfield code="t">Robert F. Kennedy --</subfield>
    <subfield code="t">Richard J. Daley --</subfield>
    <subfield code="t">Neil Armstrong --</subfield>
    <subfield code="t">Spiro Agnew --</subfield>
    <subfield code="t">Shirley Chisholm --</subfield>
    <subfield code="t">John Kerry --</subfield>
    <subfield code="t">Gerald R. Ford --</subfield>
    <subfield code="t">Barbara Jordan --</subfield>
    <subfield code="t">Anwar Sadat --</subfield>
    <subfield code="t">Jimmy E. Carter --</subfield>
    <subfield code="t">Margaret Thatcher --</subfield>
    <subfield code="t">Geraldine Ferraro --</subfield>
    <subfield code="t">Cesar Chavez --</subfield>
    <subfield code="t">Ronald W. Reagan --</subfield>
    <subfield code="t">Oliver North --</subfield>
    <subfield code="t">Ann Richards --</subfield>
    <subfield code="t">Vaclav Havel --</subfield>
    <subfield code="t">Nelson Mandela --</subfield>
    <subfield code="t">Fidel Castro --</subfield>
    <subfield code="t">Anita Hill --</subfield>
    <subfield code="t">Pat Buchanan --</subfield>
    <subfield code="t">Mary Fisher --</subfield>
    <subfield code="t">Toni Morrison --</subfield>
    <subfield code="t">Mother Teresa --</subfield>
    <subfield code="t">Gloria Steinem --</subfield>
    <subfield code="t">Newt Gingrich William J. Clinton --</subfield>
    <subfield code="t">Hillary Clinton --</subfield>
    <subfield code="t">Thabo Mbeki --</subfield>
    <subfield code="t">Christopher Reeve --</subfield>
    <subfield code="t">Tony Blair --</subfield>
    <subfield code="t">Desmond Tutu --</subfield>
    <subfield code="t">Charlton Heston --</subfield>
    <subfield code="t">Eliezer Wiesel --</subfield>
    <subfield code="t">Tim Berners-Lee --</subfield>
    <subfield code="t">George W. Bush --</subfield>
    <subfield code="t">Kofi Annan --</subfield>
    <subfield code="t">Jane Goodall --</subfield>
    <subfield code="t">Colin Powell --</subfield>
    <subfield code="t">Barack Obama --</subfield>
    <subfield code="t">Gerry Adams --</subfield>
    <subfield code="t">Karl Rove --</subfield>
    <subfield code="t">Hugo Chavez --</subfield>
    <subfield code="t">Bill Gates --</subfield>
    <subfield code="t">Chris Dodd --</subfield>
    <subfield code="t">Al Gore --</subfield>
    <subfield code="t">Michelle Obama --</subfield>
    <subfield code="t">Ralph Nader --</subfield>
    <subfield code="t">Mike Mullen --</subfield>
    <subfield code="t">Elon Musk.</subfield>
  </datafield>
  <datafield tag="650" ind1=" " ind2="0">
    <subfield code="a">Speeches, addresses, etc.</subfield>
  </datafield>
  <datafield tag="700" ind1="1" ind2=" ">
    <subfield code="a">Andrews, Elisabeth,</subfield>
    <subfield code="d">1979-</subfield>
    <subfield code="e">contributor.</subfield>
  </datafield>
  <datafield tag="700" ind1="1" ind2=" ">
    <subfield code="a">Strasen, Marty,</subfield>
    <subfield code="e">contributor,</subfield>
  </datafield>
  <datafield tag="700" ind1="1" ind2=" ">
    <subfield code="a">Taylor, Beth</subfield>
    <subfield code="d">1983-</subfield>
    <subfield code="e">contributor.</subfield>
  </datafield>
</record>