
<record>
  <leader>02416cam a22003855i 4500</leader>
  <controlfield tag="001">21074621</controlfield>
  <controlfield tag="005">20200103151137.0</controlfield>
  <controlfield tag="008">190712s2019    nyu           000 1 eng  </controlfield>
  <datafield tag="906" ind1=" " ind2=" ">
    <subfield code="a">0</subfield>
    <subfield code="b">ibc</subfield>
    <subfield code="c">origres</subfield>
    <subfield code="d">2</subfield>
    <subfield code="e">ncip</subfield>
    <subfield code="f">20</subfield>
    <subfield code="g">y-gencatlg</subfield>
  </datafield>
  <datafield tag="925" ind1="0" ind2=" ">
    <subfield code="a">acquire</subfield>
    <subfield code="b">1 shelf copy</subfield>
    <subfield code="x">policy default</subfield>
  </datafield>
  <datafield tag="955" ind1=" " ind2=" ">
    <subfield code="b">xn16 2019-07-12 z-processor to USPRLL</subfield>
  </datafield>
  <datafield tag="010" ind1=" " ind2=" ">
    <subfield code="a">  2019285292</subfield>
  </datafield>
  <datafield tag="020" ind1=" " ind2=" ">
    <subfield code="a">194719447X</subfield>
    <subfield code="q">paperback</subfield>
  </datafield>
  <datafield tag="020" ind1=" " ind2=" ">
    <subfield code="a">9781947194472</subfield>
    <subfield code="q">paperback</subfield>
  </datafield>
  <datafield tag="040" ind1=" " ind2=" ">
    <subfield code="a">DLC</subfield>
    <subfield code="b">eng</subfield>
    <subfield code="e">rda</subfield>
    <subfield code="c">DLC</subfield>
  </datafield>
  <datafield tag="041" ind1="1" ind2=" ">
    <subfield code="a">eng</subfield>
    <subfield code="h">jpn</subfield>
  </datafield>
  <datafield tag="042" ind1=" " ind2=" ">
    <subfield code="a">pcc</subfield>
  </datafield>
  <datafield tag="050" ind1="0" ind2="0">
    <subfield code="a">PL873.5.I84</subfield>
    <subfield code="b">T7813 2019</subfield>
  </datafield>
  <datafield tag="082" ind1="0" ind2="4">
    <subfield code="a">895.6/36</subfield>
    <subfield code="2">23</subfield>
  </datafield>
  <datafield tag="100" ind1="1" ind2=" ">
    <subfield code="a">Nishio, Ishin,</subfield>
    <subfield code="d">1981-</subfield>
    <subfield code="e">author.</subfield>
  </datafield>
  <datafield tag="245" ind1="1" ind2="0">
    <subfield code="a">Tsukimonogatari =</subfield>
    <subfield code="b">Possession tale /</subfield>
    <subfield code="c">Nisioisin ; art by Vofan ; translated by Daniel Joseph.</subfield>
  </datafield>
  <datafield tag="246" ind1="3" ind2="1">
    <subfield code="a">Possession tale</subfield>
  </datafield>
  <datafield tag="250" ind1=" " ind2=" ">
    <subfield code="a">First edition.</subfield>
  </datafield>
  <datafield tag="250" ind1=" " ind2=" ">
    <subfield code="a">English edition.</subfield>
  </datafield>
  <datafield tag="264" ind1=" " ind2="1">
    <subfield code="a">New York, NY :</subfield>
    <subfield code="b">Vertical, Inc,</subfield>
    <subfield code="c">2019.</subfield>
  </datafield>
  <datafield tag="300" ind1=" " ind2=" ">
    <subfield code="a">276 pages ;</subfield>
    <subfield code="c">20 cm</subfield>
  </datafield>
  <datafield tag="336" ind1=" " ind2=" ">
    <subfield code="a">text</subfield>
    <subfield code="b">txt</subfield>
    <subfield code="2">rdacontent</subfield>
  </datafield>
  <datafield tag="337" ind1=" " ind2=" ">
    <subfield code="a">unmediated</subfield>
    <subfield code="b">n</subfield>
    <subfield code="2">rdamedia</subfield>
  </datafield>
  <datafield tag="338" ind1=" " ind2=" ">
    <subfield code="a">volume</subfield>
    <subfield code="2">rdacarrier</subfield>
  </datafield>
  <datafield tag="500" ind1=" " ind2=" ">
    <subfield code="a">&quot;First published in Japan in 2012 by Kodansha Ltd., Tokyo&quot;-- title-page verso.</subfield>
  </datafield>
  <datafield tag="520" ind1=" " ind2=" ">
    <subfield code="a">&quot;Launching the third or &quot;Final Season&quot; of the international cult-hit series, Possession Tale returns the narrator&apos;s headset back to high school senior and amateur savior Koyomi Araragi, who used to eschew friendship once upon a time because it&apos;d lower his &quot;intensity as a human&quot;--a loner&apos;s misgiving that was perhaps on the mark in a different way than he intended. At issue now is not the precarious fate of one of his cherished confrères, or rather consœurs, whom he&apos;d aid, sight unseen, with a monster&apos;s resilience, but his own aberrant state and its prolonged abuse. If everything comes with a bill, and if no man is an island, then is the price of self-sacrificing amity--and the bloodshed it ironically occasions--becoming inhuman for good? That being said! Our hero, whose first name means &quot;calendar&quot; but who has none in his room, sees no need to rush, so, on our way to the profound mysteries of the superhuman aspect, expect a super-shallow deconstruction of the alarm clock. On hand this volume to (hardly ever) humor his humor: his little sisters, a living doll of a corpse, and its violent mistress.</subfield>
  </datafield>
  <datafield tag="650" ind1=" " ind2="0">
    <subfield code="a">High school students</subfield>
    <subfield code="z">Japan</subfield>
    <subfield code="v">Fiction.</subfield>
  </datafield>
  <datafield tag="650" ind1=" " ind2="0">
    <subfield code="a">Vampires</subfield>
    <subfield code="v">Fiction.</subfield>
  </datafield>
  <datafield tag="700" ind1="0" ind2=" ">
    <subfield code="a">Vofan</subfield>
    <subfield code="e">illustrator.</subfield>
  </datafield>
  <datafield tag="700" ind1="1" ind2=" ">
    <subfield code="a">Joseph, Daniel</subfield>
    <subfield code="c">(Translator),</subfield>
    <subfield code="e">translator.</subfield>
  </datafield>
</record>