
<record>
  <leader>03296cam a2200385 i 4500</leader>
  <controlfield tag="001">21075801</controlfield>
  <controlfield tag="005">20200103195946.0</controlfield>
  <controlfield tag="008">190712s2020    enk      b    001 0 eng  </controlfield>
  <datafield tag="906" ind1=" " ind2=" ">
    <subfield code="a">7</subfield>
    <subfield code="b">cbc</subfield>
    <subfield code="c">orignew</subfield>
    <subfield code="d">1</subfield>
    <subfield code="e">ecip</subfield>
    <subfield code="f">20</subfield>
    <subfield code="g">y-gencatlg</subfield>
  </datafield>
  <datafield tag="925" ind1="0" ind2=" ">
    <subfield code="a">acquire</subfield>
    <subfield code="b">2 shelf copies</subfield>
    <subfield code="x">policy default</subfield>
  </datafield>
  <datafield tag="955" ind1=" " ind2=" ">
    <subfield code="b">re17 2019-07-12</subfield>
    <subfield code="i">re17 2019-07-12 (telework)</subfield>
    <subfield code="a">re17 2019-08-22 to subct</subfield>
    <subfield code="d">rm03 2019-09-30</subfield>
    <subfield code="a">hf14 2019-10-29 shelf listed</subfield>
    <subfield code="a">fc04 2019-10-29 rev</subfield>
    <subfield code="w">xm06 2019-10-31</subfield>
    <subfield code="a">xn17 2019-11-20 1 copy rec&apos;d., to CIP ver.</subfield>
    <subfield code="f">rm16 2020-01-03 to CALM</subfield>
  </datafield>
  <datafield tag="010" ind1=" " ind2=" ">
    <subfield code="a">  2019028184</subfield>
  </datafield>
  <datafield tag="020" ind1=" " ind2=" ">
    <subfield code="a">9780367352448</subfield>
    <subfield code="q">(hardback)</subfield>
  </datafield>
  <datafield tag="020" ind1=" " ind2=" ">
    <subfield code="z">9780429330193</subfield>
    <subfield code="q">(ebook)</subfield>
  </datafield>
  <datafield tag="040" ind1=" " ind2=" ">
    <subfield code="a">DLC</subfield>
    <subfield code="b">eng</subfield>
    <subfield code="c">DLC</subfield>
    <subfield code="e">rda</subfield>
    <subfield code="d">DLC</subfield>
  </datafield>
  <datafield tag="042" ind1=" " ind2=" ">
    <subfield code="a">pcc</subfield>
  </datafield>
  <datafield tag="043" ind1=" " ind2=" ">
    <subfield code="a">sa-----</subfield>
  </datafield>
  <datafield tag="050" ind1="0" ind2="0">
    <subfield code="a">HG1976.A439</subfield>
    <subfield code="b">D48 2020</subfield>
  </datafield>
  <datafield tag="082" ind1="0" ind2="0">
    <subfield code="a">332.2/809811</subfield>
    <subfield code="2">23</subfield>
  </datafield>
  <datafield tag="245" ind1="0" ind2="0">
    <subfield code="a">Development banks and sustainability in the Andean Amazon /</subfield>
    <subfield code="c">Edited by Rebecca Ray, Kevin P. Gallagher, and Cynthia A. Sanborn.</subfield>
  </datafield>
  <datafield tag="264" ind1=" " ind2="1">
    <subfield code="a">London ;</subfield>
    <subfield code="a">New York :</subfield>
    <subfield code="b">Routledge, Taylor &amp; Francis Group,</subfield>
    <subfield code="c">2020.</subfield>
  </datafield>
  <datafield tag="300" ind1=" " ind2=" ">
    <subfield code="a">xiii, 278 pages ;</subfield>
    <subfield code="c">25 cm</subfield>
  </datafield>
  <datafield tag="336" ind1=" " ind2=" ">
    <subfield code="a">text</subfield>
    <subfield code="b">txt</subfield>
    <subfield code="2">rdacontent</subfield>
  </datafield>
  <datafield tag="337" ind1=" " ind2=" ">
    <subfield code="a">unmediated</subfield>
    <subfield code="b">n</subfield>
    <subfield code="2">rdamedia</subfield>
  </datafield>
  <datafield tag="338" ind1=" " ind2=" ">
    <subfield code="a">volume</subfield>
    <subfield code="b">nc</subfield>
    <subfield code="2">rdacarrier</subfield>
  </datafield>
  <datafield tag="490" ind1="0" ind2=" ">
    <subfield code="a">Routledge studies in Latin American development</subfield>
  </datafield>
  <datafield tag="504" ind1=" " ind2=" ">
    <subfield code="a">Includes bibliographical references and index.</subfield>
  </datafield>
  <datafield tag="520" ind1=" " ind2=" ">
    <subfield code="a">&quot;This book explores what development banks, governments, and communities have learned in the last decade of careful negotiation between social and environmental protections in the Andean Amazon, and the pressures of a surging infrastructure and development boom. While mega-dams, highways and ports are filling up the pipelines of planners, the national governments of Andean and Amazon-basin countries and major development banks have enacted ambitious social and environmental protections. The book traces the development of social and environmental protections after years of struggle by affected communities, going beyond official policies to discover how these reforms work in practice, and ultimately, whether they are enough to stem the risks of infrastructure mega-projects. As Chinese public banks play an increasingly important role in the region, the book also demonstrates that there is a risk of governments undercutting their own standards. By contrast, this book shows that making infrastructure work for everyone involved requires mutually-reinforcing networks of support and accountability among communities, governments, and development banks. This book, led by an expert multi-disciplinary, international team, will be of considerable interest to researchers in the fields of development and development economics, geography, anthropology, and ecology, as well as practitioners in development banks and in government regulatory and foreign aid agencies&quot;--</subfield>
    <subfield code="c">Provided by publisher.</subfield>
  </datafield>
  <datafield tag="650" ind1=" " ind2="0">
    <subfield code="a">Development banks</subfield>
    <subfield code="z">Amazon River Region.</subfield>
  </datafield>
  <datafield tag="650" ind1=" " ind2="0">
    <subfield code="a">Environmental protection</subfield>
    <subfield code="x">Government policy</subfield>
    <subfield code="z">Amazon River Region.</subfield>
  </datafield>
  <datafield tag="650" ind1=" " ind2="0">
    <subfield code="a">Sustainable development</subfield>
    <subfield code="z">Amazon River Region.</subfield>
  </datafield>
  <datafield tag="700" ind1="1" ind2=" ">
    <subfield code="a">Ray, Rebecca</subfield>
    <subfield code="q">(M. E. Rebecca),</subfield>
    <subfield code="e">editor.</subfield>
  </datafield>
  <datafield tag="700" ind1="1" ind2=" ">
    <subfield code="a">Gallagher, Kevin,</subfield>
    <subfield code="d">1968- ,</subfield>
    <subfield code="e">editor.</subfield>
  </datafield>
  <datafield tag="700" ind1="1" ind2=" ">
    <subfield code="a">Sanborn, Cynthia,</subfield>
    <subfield code="e">editor.</subfield>
  </datafield>
  <datafield tag="776" ind1="0" ind2="8">
    <subfield code="i">Online version:</subfield>
    <subfield code="t">Development banks and sustainability in the Andean Amazon</subfield>
    <subfield code="b">1.</subfield>
    <subfield code="d">Abingdon, Oxon ; New York : Routledge, 2020.</subfield>
    <subfield code="z">9780429330193</subfield>
    <subfield code="w">(DLC) 2019028185</subfield>
  </datafield>
</record>