
<record>
  <leader>03373cam a22003495i 4500</leader>
  <controlfield tag="001">21087216</controlfield>
  <controlfield tag="005">20200103121225.0</controlfield>
  <controlfield tag="008">190717s2018    gt abc   b    000 0 spa  </controlfield>
  <datafield tag="906" ind1=" " ind2=" ">
    <subfield code="a">0</subfield>
    <subfield code="b">ibc</subfield>
    <subfield code="c">origres</subfield>
    <subfield code="d">2</subfield>
    <subfield code="e">ncip</subfield>
    <subfield code="f">20</subfield>
    <subfield code="g">y-gencatlg</subfield>
  </datafield>
  <datafield tag="925" ind1="0" ind2=" ">
    <subfield code="a">acquire</subfield>
    <subfield code="b">1 shelf copy</subfield>
    <subfield code="x">policy default</subfield>
  </datafield>
  <datafield tag="955" ind1=" " ind2=" ">
    <subfield code="b">bf27 2019-07-17 z-processor</subfield>
  </datafield>
  <datafield tag="010" ind1=" " ind2=" ">
    <subfield code="a">  2019387722</subfield>
  </datafield>
  <datafield tag="020" ind1=" " ind2=" ">
    <subfield code="a">9789929667167</subfield>
  </datafield>
  <datafield tag="020" ind1=" " ind2=" ">
    <subfield code="a">9929667164</subfield>
  </datafield>
  <datafield tag="040" ind1=" " ind2=" ">
    <subfield code="a">DLC</subfield>
    <subfield code="b">eng</subfield>
    <subfield code="e">rda</subfield>
    <subfield code="c">DLC</subfield>
  </datafield>
  <datafield tag="042" ind1=" " ind2=" ">
    <subfield code="a">pcc</subfield>
  </datafield>
  <datafield tag="043" ind1=" " ind2=" ">
    <subfield code="a">nwcu---</subfield>
  </datafield>
  <datafield tag="050" ind1="0" ind2="0">
    <subfield code="a">F1769</subfield>
  </datafield>
  <datafield tag="245" ind1="0" ind2="0">
    <subfield code="a">Cuba :</subfield>
    <subfield code="b">arqueología y legado histórico /</subfield>
    <subfield code="c">dirección editorial: Julio A. Larramendi Joa ; editor científico: Armando Rangel Rivero.</subfield>
  </datafield>
  <datafield tag="264" ind1=" " ind2="1">
    <subfield code="a">Ciudad de Guatemala, Guatemala :</subfield>
    <subfield code="b">Ediciones Polymita S.A. ;</subfield>
    <subfield code="c">2018.</subfield>
  </datafield>
  <datafield tag="264" ind1=" " ind2="4">
    <subfield code="c">©2018</subfield>
  </datafield>
  <datafield tag="300" ind1=" " ind2=" ">
    <subfield code="a">250 pages :</subfield>
    <subfield code="b">illustrations (chiefly color), maps, portraits ;</subfield>
    <subfield code="c">30 cm</subfield>
  </datafield>
  <datafield tag="336" ind1=" " ind2=" ">
    <subfield code="a">text</subfield>
    <subfield code="b">txt</subfield>
    <subfield code="2">rdacontent</subfield>
  </datafield>
  <datafield tag="336" ind1=" " ind2=" ">
    <subfield code="a">still image</subfield>
    <subfield code="b">sti</subfield>
    <subfield code="2">rdacontent</subfield>
  </datafield>
  <datafield tag="337" ind1=" " ind2=" ">
    <subfield code="a">unmediated</subfield>
    <subfield code="b">n</subfield>
    <subfield code="2">rdamedia</subfield>
  </datafield>
  <datafield tag="338" ind1=" " ind2=" ">
    <subfield code="a">volume</subfield>
    <subfield code="b">nc</subfield>
    <subfield code="2">rdacarrier</subfield>
  </datafield>
  <datafield tag="504" ind1=" " ind2=" ">
    <subfield code="a">Includes bibliographical references (pages 226-242).</subfield>
  </datafield>
  <datafield tag="505" ind1="0" ind2=" ">
    <subfield code="a">Los estudios sobre arqueología : aborígen en Cuba, teorías y apreciaciones / Armando Rangel Rivero -- Las comunidades aborgenes de Cuba, censo 2013 / JosE JimEnez Santander, Lianne Torres La Paz, Dany Morales ValdEs y Lisandra JimEnez Ortega -- Crónicas y cronistas de Indias Occidentales / Ulises M. González Herrera -- Vida cotidiana y organización social de las comunidades aborígenes de Cuba / LiliAn J. Moreira de Lima -- PoblaciOn aborigen precolombia : descripción de las características creaneales y la estatura / Manuel F. Rivero de la Calle -- La alimentación de los aborígenes de Cuba / Roberto Rodríguez SuArez y Yadira Chinique de Armas -- El arte como expresión social de los aborígenes de Cuba / Lourdes Sarah Domínguez González -- Animales en el arte aborigen / Carlos Arredondo AntUnez y Rafael Borroto-PAez -- Pinturas y grabados rupestres en el ArchipIelago Cubano / Divaldo A. GutiErrez y JosE B. González Tendero -- Medicina de los aborígenes de Cuba / Enrique Beldarraín Chaple -- Los bayteyes aborígenes de Cuba / Daniel Torres Etayo -- Costumbres funerarias : la muerte, el espacio y el tratamiento del cadAver en las comunidades originars de Cuba / Jorge Fernando Garcell Domínguez -- Los aborígenes y el uso de los moluscos / Alina Lomba Garmendía y Daniel Torres Etayo -- Las industrias líticas de las sociedades aborígenes en Cuba / Gerardo Izqueirdo Díaz -- Las maders en los objetos aborígenes cubanos / Raquel Carreras Rivery -- La industria de la madera de los aborígenes de cuba / Gabino la Rosa Corzo -- El Area arqueolOgica los buchillones : zona excepcional para el Caribe / AdriAn García Lecbroc y Jorge Calvera RosEs -- El chorro de maíta Robero ValcArcel Rojas -- El legado aruaco en el espaNol cubano / Sergio ValdEs Bernal -- Descendientes de los aborígenes cubanos / Manuel F. Rivero de la Calle -- La huella aborígen en el patrimonio genEtico de la naciOn cubana / Beatriz Marcheco Teruel -- Entrevista a Alejandro hartmaqn, historiador de Baracoa, director del Museo Matachín.</subfield>
  </datafield>
  <datafield tag="650" ind1=" " ind2="0">
    <subfield code="a">Indians of the West Indies</subfield>
    <subfield code="z">Cuba</subfield>
    <subfield code="x">Antiquities.</subfield>
  </datafield>
  <datafield tag="650" ind1=" " ind2="0">
    <subfield code="a">Indians of the West Indies</subfield>
    <subfield code="z">Cuba</subfield>
    <subfield code="x">History.</subfield>
  </datafield>
  <datafield tag="700" ind1="1" ind2=" ">
    <subfield code="a">Larramendi, Julio,</subfield>
    <subfield code="e">editor.</subfield>
  </datafield>
  <datafield tag="700" ind1="1" ind2=" ">
    <subfield code="a">Rangel Rivero, Armando,</subfield>
    <subfield code="d">1959-</subfield>
    <subfield code="e">editor.</subfield>
  </datafield>
</record>