
<record>
  <leader>03402cam a22006015i 4500</leader>
  <controlfield tag="001">21088755</controlfield>
  <controlfield tag="005">20200103122801.0</controlfield>
  <controlfield tag="008">190717s2002    mauao    c    000 0 eng d</controlfield>
  <datafield tag="906" ind1=" " ind2=" ">
    <subfield code="a">0</subfield>
    <subfield code="b">ibc</subfield>
    <subfield code="c">copycat</subfield>
    <subfield code="d">2</subfield>
    <subfield code="e">ncip</subfield>
    <subfield code="f">20</subfield>
    <subfield code="g">y-gencatlg</subfield>
  </datafield>
  <datafield tag="925" ind1="0" ind2=" ">
    <subfield code="a">acquire</subfield>
    <subfield code="b">1 shelf copy</subfield>
    <subfield code="x">policy default</subfield>
  </datafield>
  <datafield tag="955" ind1=" " ind2=" ">
    <subfield code="b">xn16 2019-07-17 z-processor to USASH</subfield>
  </datafield>
  <datafield tag="010" ind1=" " ind2=" ">
    <subfield code="a">  2019285326</subfield>
  </datafield>
  <datafield tag="020" ind1=" " ind2=" ">
    <subfield code="a">091582972X</subfield>
  </datafield>
  <datafield tag="020" ind1=" " ind2=" ">
    <subfield code="a">9780915829729</subfield>
  </datafield>
  <datafield tag="035" ind1=" " ind2=" ">
    <subfield code="a">(OCoLC)ocm50861442</subfield>
  </datafield>
  <datafield tag="040" ind1=" " ind2=" ">
    <subfield code="a">VYF</subfield>
    <subfield code="b">eng</subfield>
    <subfield code="e">rda</subfield>
    <subfield code="c">VYF</subfield>
    <subfield code="d">OCLCQ</subfield>
    <subfield code="d">BAKER</subfield>
    <subfield code="d">YDXCP</subfield>
    <subfield code="d">BDX</subfield>
    <subfield code="d">OCLCF</subfield>
    <subfield code="d">OCLCO</subfield>
    <subfield code="d">OCLCQ</subfield>
    <subfield code="d">S3O</subfield>
    <subfield code="d">OCLCO</subfield>
    <subfield code="d">CNNGC</subfield>
    <subfield code="d">OCLCO</subfield>
    <subfield code="d">TFW</subfield>
    <subfield code="d">GILDS</subfield>
    <subfield code="d">OCLCO</subfield>
    <subfield code="d">OCL</subfield>
    <subfield code="d">ZQP</subfield>
    <subfield code="d">DLC</subfield>
  </datafield>
  <datafield tag="042" ind1=" " ind2=" ">
    <subfield code="a">lccopycat</subfield>
  </datafield>
  <datafield tag="043" ind1=" " ind2=" ">
    <subfield code="a">n-us-ny</subfield>
  </datafield>
  <datafield tag="097" ind1="0" ind2="0">
    <subfield code="a">TR647.O43</subfield>
    <subfield code="b">A4 2002</subfield>
  </datafield>
  <datafield tag="100" ind1="1" ind2=" ">
    <subfield code="a">Old, Toby.</subfield>
  </datafield>
  <datafield tag="240" ind1="1" ind2="0">
    <subfield code="a">Photographs.</subfield>
    <subfield code="k">Selections</subfield>
  </datafield>
  <datafield tag="245" ind1="1" ind2="0">
    <subfield code="a">Times squared :</subfield>
    <subfield code="b">photographs /</subfield>
    <subfield code="c">by Toby Old ; introduction by Richard Gordon.</subfield>
  </datafield>
  <datafield tag="264" ind1=" " ind2="1">
    <subfield code="a">Chesterfield, Mass. :</subfield>
    <subfield code="b">Chameleon Books ;</subfield>
    <subfield code="a">Wappingers Falls, NY :</subfield>
    <subfield code="b">Distributed in USA and Canada by Antique Collectors&apos; Club,</subfield>
    <subfield code="c">©2002.</subfield>
  </datafield>
  <datafield tag="300" ind1=" " ind2=" ">
    <subfield code="a">120 pages :</subfield>
    <subfield code="b">chiefly illustrations ;</subfield>
    <subfield code="c">27 cm</subfield>
  </datafield>
  <datafield tag="336" ind1=" " ind2=" ">
    <subfield code="a">text</subfield>
    <subfield code="b">txt</subfield>
    <subfield code="2">rdacontent</subfield>
  </datafield>
  <datafield tag="337" ind1=" " ind2=" ">
    <subfield code="a">unmediated</subfield>
    <subfield code="b">n</subfield>
    <subfield code="2">rdamedia</subfield>
  </datafield>
  <datafield tag="338" ind1=" " ind2=" ">
    <subfield code="a">volume</subfield>
    <subfield code="b">nc</subfield>
    <subfield code="2">rdacarrier</subfield>
  </datafield>
  <datafield tag="520" ind1="0" ind2=" ">
    <subfield code="a">Times Square has been called the crossroads of the world, and is probably the most photographed location on the planet! For over 25 years, Toby Old has had a photographic dialogue with Times Square -- at different times of day, in all lights, and during all seasons, with its multitude of events, parades, theater, sports, sex shops and industries. Old offers us a different look at Times Square, pulling no punches. In a fraction of a second, his square format camera captures the freakish moments of the fringes of our culture. His photographs are presented as a quartet: Boxing, Fashion, Disco and Times Square itself. He is a voyeur in the photographic tradition of Weegee, Robert Frank and Diane Arbus.</subfield>
  </datafield>
  <datafield tag="600" ind1="1" ind2="0">
    <subfield code="a">Old, Toby</subfield>
    <subfield code="v">Catalogs.</subfield>
  </datafield>
  <datafield tag="650" ind1=" " ind2="0">
    <subfield code="a">Documentary photography</subfield>
    <subfield code="z">New York (State)</subfield>
    <subfield code="z">New York.</subfield>
  </datafield>
  <datafield tag="651" ind1=" " ind2="0">
    <subfield code="a">Times Square (New York, N.Y.)</subfield>
    <subfield code="v">Pictorial works.</subfield>
  </datafield>
  <datafield tag="650" ind1=" " ind2="0">
    <subfield code="a">Boxers (Sports)</subfield>
    <subfield code="v">Pictorial works.</subfield>
  </datafield>
  <datafield tag="650" ind1=" " ind2="0">
    <subfield code="a">Disco dancing</subfield>
    <subfield code="v">Pictorial works.</subfield>
  </datafield>
  <datafield tag="650" ind1=" " ind2="0">
    <subfield code="a">Fashion</subfield>
    <subfield code="v">Pictorial works.</subfield>
  </datafield>
  <datafield tag="650" ind1=" " ind2="6">
    <subfield code="a">Photographie documentaire</subfield>
    <subfield code="z">New York (État)</subfield>
    <subfield code="z">New York.</subfield>
  </datafield>
  <datafield tag="650" ind1=" " ind2="6">
    <subfield code="a">Boxeurs</subfield>
    <subfield code="v">Ouvrages illustrés.</subfield>
  </datafield>
  <datafield tag="650" ind1=" " ind2="6">
    <subfield code="a">Disco (Danse)</subfield>
    <subfield code="v">Ouvrages illustrés.</subfield>
  </datafield>
  <datafield tag="650" ind1=" " ind2="6">
    <subfield code="a">Mode</subfield>
    <subfield code="v">Ouvrages illustrés.</subfield>
  </datafield>
  <datafield tag="651" ind1=" " ind2="6">
    <subfield code="a">Times Square (New York, N.Y.)</subfield>
    <subfield code="v">Ouvrages illustrés.</subfield>
  </datafield>
  <datafield tag="600" ind1="1" ind2="7">
    <subfield code="a">Old, Toby.</subfield>
    <subfield code="2">fast</subfield>
    <subfield code="0">(OCoLC)fst00487460</subfield>
  </datafield>
  <datafield tag="650" ind1=" " ind2="7">
    <subfield code="a">Boxers (Sports)</subfield>
    <subfield code="2">fast</subfield>
    <subfield code="0">(OCoLC)fst00837275</subfield>
  </datafield>
  <datafield tag="650" ind1=" " ind2="7">
    <subfield code="a">Disco dancing.</subfield>
    <subfield code="2">fast</subfield>
    <subfield code="0">(OCoLC)fst00894882</subfield>
  </datafield>
  <datafield tag="650" ind1=" " ind2="7">
    <subfield code="a">Documentary photography.</subfield>
    <subfield code="2">fast</subfield>
    <subfield code="0">(OCoLC)fst00896093</subfield>
  </datafield>
  <datafield tag="650" ind1=" " ind2="7">
    <subfield code="a">Fashion.</subfield>
    <subfield code="2">fast</subfield>
    <subfield code="0">(OCoLC)fst00921600</subfield>
  </datafield>
  <datafield tag="651" ind1=" " ind2="7">
    <subfield code="a">New York (State)</subfield>
    <subfield code="z">New York.</subfield>
    <subfield code="2">fast</subfield>
    <subfield code="0">(OCoLC)fst01204333</subfield>
  </datafield>
  <datafield tag="651" ind1=" " ind2="7">
    <subfield code="a">New York (State)</subfield>
    <subfield code="z">New York</subfield>
    <subfield code="z">Times Square.</subfield>
    <subfield code="2">fast</subfield>
    <subfield code="0">(OCoLC)fst01316237</subfield>
  </datafield>
  <datafield tag="655" ind1=" " ind2="7">
    <subfield code="a">Illustrated works.</subfield>
    <subfield code="2">fast</subfield>
    <subfield code="0">(OCoLC)fst01423873</subfield>
  </datafield>
  <datafield tag="655" ind1=" " ind2="7">
    <subfield code="a">Catalogs.</subfield>
    <subfield code="2">fast</subfield>
    <subfield code="0">(OCoLC)fst01423692</subfield>
  </datafield>
  <datafield tag="655" ind1=" " ind2="7">
    <subfield code="a">Pictorial works.</subfield>
    <subfield code="2">fast</subfield>
    <subfield code="0">(OCoLC)fst01423874</subfield>
  </datafield>
  <datafield tag="655" ind1=" " ind2="7">
    <subfield code="a">Catalogs.</subfield>
    <subfield code="2">lcgft</subfield>
  </datafield>
  <datafield tag="655" ind1=" " ind2="7">
    <subfield code="a">Illustrated works.</subfield>
    <subfield code="2">lcgft</subfield>
  </datafield>
  <datafield tag="650" ind1=" " ind2="7">
    <subfield code="a">Fotokonst</subfield>
    <subfield code="z">Förenta staterna</subfield>
    <subfield code="y">1945-</subfield>
    <subfield code="2">sao</subfield>
  </datafield>
  <datafield tag="776" ind1="0" ind2="8">
    <subfield code="i">Online version:</subfield>
    <subfield code="a">Old, Toby.</subfield>
    <subfield code="t">Times squared.</subfield>
    <subfield code="d">Chesterfield, Mass. : Chameleon Books ; Wappingers Falls, NY : Distributed in USA and Canada by Antique Collectors&apos; Club, ©2002</subfield>
    <subfield code="w">(OCoLC)606892021</subfield>
  </datafield>
</record>