
<record>
  <leader>01834cam a2200325 i 4500</leader>
  <controlfield tag="001">21093212</controlfield>
  <controlfield tag="005">20200103064220.0</controlfield>
  <controlfield tag="008">190719s2019    ilu      b    000 0 eng  </controlfield>
  <datafield tag="906" ind1=" " ind2=" ">
    <subfield code="a">7</subfield>
    <subfield code="b">cbc</subfield>
    <subfield code="c">orignew</subfield>
    <subfield code="d">1</subfield>
    <subfield code="e">ecip</subfield>
    <subfield code="f">20</subfield>
    <subfield code="g">y-gencatlg</subfield>
  </datafield>
  <datafield tag="925" ind1="0" ind2=" ">
    <subfield code="a">acquire</subfield>
    <subfield code="b">1 shelf copy</subfield>
    <subfield code="x">policy default</subfield>
  </datafield>
  <datafield tag="955" ind1=" " ind2=" ">
    <subfield code="b">rk14 2019-07-19</subfield>
    <subfield code="c">rk14 2019-07-19 telework to subj</subfield>
    <subfield code="d">rk02 2019-08-27 to Dewey (telework)</subfield>
    <subfield code="w">xm07 2019-08-28</subfield>
    <subfield code="a">xn11 2019-12-05 1 copy rec&apos;d., to CIP ver.</subfield>
    <subfield code="a">rk20 2019-12-11 book received in ART</subfield>
    <subfield code="f">rk24 2020-01-03 Telework to BCCD</subfield>
  </datafield>
  <datafield tag="010" ind1=" " ind2=" ">
    <subfield code="a">  2019031244</subfield>
  </datafield>
  <datafield tag="020" ind1=" " ind2=" ">
    <subfield code="a">9780830845781</subfield>
    <subfield code="q">(print)</subfield>
  </datafield>
  <datafield tag="020" ind1=" " ind2=" ">
    <subfield code="z">9780830848386</subfield>
    <subfield code="q">(digital)</subfield>
  </datafield>
  <datafield tag="040" ind1=" " ind2=" ">
    <subfield code="a">DLC</subfield>
    <subfield code="b">eng</subfield>
    <subfield code="e">rda</subfield>
    <subfield code="c">DLC</subfield>
    <subfield code="d">DLC</subfield>
  </datafield>
  <datafield tag="042" ind1=" " ind2=" ">
    <subfield code="a">pcc</subfield>
  </datafield>
  <datafield tag="050" ind1="0" ind2="0">
    <subfield code="a">BV4647.P45</subfield>
    <subfield code="b">N49 2019</subfield>
  </datafield>
  <datafield tag="082" ind1="0" ind2="0">
    <subfield code="a">248.4</subfield>
    <subfield code="2">23</subfield>
  </datafield>
  <datafield tag="100" ind1="1" ind2=" ">
    <subfield code="a">Newbell, Trillia J.,</subfield>
    <subfield code="e">author.</subfield>
  </datafield>
  <datafield tag="245" ind1="1" ind2="0">
    <subfield code="a">Sacred endurance :</subfield>
    <subfield code="b">finding grace and strength for a lasting faith /</subfield>
    <subfield code="c">Trillia J. Newbell.</subfield>
  </datafield>
  <datafield tag="264" ind1=" " ind2="1">
    <subfield code="a">Downers Grove, Illinois :</subfield>
    <subfield code="b">IVP, an imprint of InterVarsity Press,</subfield>
    <subfield code="c">[2019]</subfield>
  </datafield>
  <datafield tag="300" ind1=" " ind2=" ">
    <subfield code="a">191 pages ;</subfield>
    <subfield code="c">22 cm</subfield>
  </datafield>
  <datafield tag="336" ind1=" " ind2=" ">
    <subfield code="a">text</subfield>
    <subfield code="b">txt</subfield>
    <subfield code="2">rdacontent</subfield>
  </datafield>
  <datafield tag="337" ind1=" " ind2=" ">
    <subfield code="a">unmediated</subfield>
    <subfield code="b">n</subfield>
    <subfield code="2">rdamedia</subfield>
  </datafield>
  <datafield tag="338" ind1=" " ind2=" ">
    <subfield code="a">volume</subfield>
    <subfield code="b">nc</subfield>
    <subfield code="2">rdacarrier</subfield>
  </datafield>
  <datafield tag="504" ind1=" " ind2=" ">
    <subfield code="a">Includes bibliographical references (pages 187-191).</subfield>
  </datafield>
  <datafield tag="520" ind1=" " ind2=" ">
    <subfield code="a">&quot;Life can be hard, faith can wane, and distractions abound. How can we persevere to the end? Offering encouragement and hope for us to run the race well, Trillia Newbell shares theological insights and practical disciplines to train us for faithful, godly living over the long haul. While life may be full of challenges, we have a true and real hope in Jesus, who provides us with what we need to endure&quot;--</subfield>
    <subfield code="c">Provided by publisher.</subfield>
  </datafield>
  <datafield tag="650" ind1=" " ind2="0">
    <subfield code="a">Perseverance (Ethics)</subfield>
  </datafield>
  <datafield tag="650" ind1=" " ind2="0">
    <subfield code="a">Christian life.</subfield>
  </datafield>
  <datafield tag="776" ind1="0" ind2="8">
    <subfield code="i">Online version:</subfield>
    <subfield code="a">Newbell, Trillia, 1978-</subfield>
    <subfield code="t">Sacred endurance</subfield>
    <subfield code="d">Westmont : InterVarsity Press, 2019.</subfield>
    <subfield code="z">9780830848386</subfield>
    <subfield code="w">(DLC) 2019031245</subfield>
  </datafield>
</record>