
<record>
  <leader>03054cam a22004098i 4500</leader>
  <controlfield tag="001">21096023</controlfield>
  <controlfield tag="005">20200103144946.0</controlfield>
  <controlfield tag="008">190722m20199999nyu      b    001 0 eng  </controlfield>
  <datafield tag="906" ind1=" " ind2=" ">
    <subfield code="a">7</subfield>
    <subfield code="b">cbc</subfield>
    <subfield code="c">orignew</subfield>
    <subfield code="d">1</subfield>
    <subfield code="e">ecip</subfield>
    <subfield code="f">20</subfield>
    <subfield code="g">y-gencatlg</subfield>
  </datafield>
  <datafield tag="925" ind1="0" ind2=" ">
    <subfield code="a">acquire</subfield>
    <subfield code="b">1 shelf copy</subfield>
    <subfield code="x">ATS 2020-1-3</subfield>
  </datafield>
  <datafield tag="955" ind1=" " ind2=" ">
    <subfield code="b">xg31 2019-07-22 (telework)</subfield>
    <subfield code="i">xg31 2019-07-22 (telework) to xg08 for review</subfield>
    <subfield code="c">xg08 2019-07-22 (to DEWEY)</subfield>
    <subfield code="w">xm06 2019-07-22</subfield>
  </datafield>
  <datafield tag="010" ind1=" " ind2=" ">
    <subfield code="a">  2019031714</subfield>
  </datafield>
  <datafield tag="020" ind1=" " ind2=" ">
    <subfield code="a">9781543816341</subfield>
    <subfield code="q">(hardback)</subfield>
  </datafield>
  <datafield tag="040" ind1=" " ind2=" ">
    <subfield code="a">DLC</subfield>
    <subfield code="b">eng</subfield>
    <subfield code="e">rda</subfield>
    <subfield code="c">DLC</subfield>
  </datafield>
  <datafield tag="042" ind1=" " ind2=" ">
    <subfield code="a">pcc</subfield>
  </datafield>
  <datafield tag="043" ind1=" " ind2=" ">
    <subfield code="a">n-us---</subfield>
  </datafield>
  <datafield tag="050" ind1="0" ind2="0">
    <subfield code="a">KF902</subfield>
    <subfield code="b">.K44 2019</subfield>
  </datafield>
  <datafield tag="082" ind1="0" ind2="0">
    <subfield code="a">343.7307/8624</subfield>
    <subfield code="2">23</subfield>
  </datafield>
  <datafield tag="245" ind1="0" ind2="0">
    <subfield code="a">Construction disputes :</subfield>
    <subfield code="b">practice guide with forms /</subfield>
    <subfield code="c">Brian G. Corgan, William E. Dorris, editors.</subfield>
  </datafield>
  <datafield tag="250" ind1=" " ind2=" ">
    <subfield code="a">Third edition.</subfield>
  </datafield>
  <datafield tag="263" ind1=" " ind2=" ">
    <subfield code="a">1910</subfield>
  </datafield>
  <datafield tag="264" ind1=" " ind2="1">
    <subfield code="a">New York :</subfield>
    <subfield code="b">Wolters Kluwer,</subfield>
    <subfield code="c">[2019]</subfield>
  </datafield>
  <datafield tag="300" ind1=" " ind2=" ">
    <subfield code="a">volumes cm</subfield>
  </datafield>
  <datafield tag="336" ind1=" " ind2=" ">
    <subfield code="a">text</subfield>
    <subfield code="b">txt</subfield>
    <subfield code="2">rdacontent</subfield>
  </datafield>
  <datafield tag="337" ind1=" " ind2=" ">
    <subfield code="a">unmediated</subfield>
    <subfield code="b">n</subfield>
    <subfield code="2">rdamedia</subfield>
  </datafield>
  <datafield tag="338" ind1=" " ind2=" ">
    <subfield code="a">volume</subfield>
    <subfield code="b">nc</subfield>
    <subfield code="2">rdacarrier</subfield>
  </datafield>
  <datafield tag="504" ind1=" " ind2=" ">
    <subfield code="a">Includes bibliographical references and index.</subfield>
  </datafield>
  <datafield tag="505" ind1="0" ind2=" ">
    <subfield code="a">Initial Client Interview -- Risk Analysis -- Project Documentation -- Use of Experts -- Bidding Disputes --   Changes and Differing Site Conditions -- Delay And Acceleration Claims -- Loss of Efficiency Claims -- Elements of Damages -- Insurance And Bond Claims -- Initiating the Case -- Discovery -- Case Management -- Alternative Dispute Resolution -- Construction Arbitration -- Federal Government Contract Disputes, Forums and Forms -- Court Trials -- Presenting the Case -- The Decision To Appeal -- Settlement and Release.</subfield>
  </datafield>
  <datafield tag="520" ind1=" " ind2=" ">
    <subfield code="a">&quot;Construction Disputes: Practice Guide with Forms, Third Edition, provides substantive and procedural insights into the difficult challenges in presenting and defending complex construction claims. It provides practical examples of, and checklists for, the drafting of many of the key documents used in construction litigation. Beginning with coverage of risk analysis, bidding disputes, and insurance bond claims, it moves to in-depth discussions of discovery issues, alternative dispute resolution and construction arbitration, and court trials. Finally, extensive coverage is provided for the many issues involved in presenting the case, the decision to appeal, and settlement and release. Target audience: Practitioners in the field of real estate development&quot;--</subfield>
    <subfield code="c">Provided by publisher.</subfield>
  </datafield>
  <datafield tag="650" ind1=" " ind2="0">
    <subfield code="a">Construction contracts</subfield>
    <subfield code="z">United States.</subfield>
  </datafield>
  <datafield tag="650" ind1=" " ind2="0">
    <subfield code="a">Construction industry</subfield>
    <subfield code="x">Law and legislation</subfield>
    <subfield code="z">United States.</subfield>
  </datafield>
  <datafield tag="650" ind1=" " ind2="0">
    <subfield code="a">Construction contracts</subfield>
    <subfield code="z">United States</subfield>
    <subfield code="v">Forms.</subfield>
  </datafield>
  <datafield tag="650" ind1=" " ind2="0">
    <subfield code="a">Construction industry</subfield>
    <subfield code="x">Law and legislation</subfield>
    <subfield code="z">United States</subfield>
    <subfield code="v">Forms.</subfield>
  </datafield>
  <datafield tag="700" ind1="1" ind2=" ">
    <subfield code="a">Corgan, Brian G.,</subfield>
    <subfield code="e">editor.</subfield>
  </datafield>
  <datafield tag="700" ind1="1" ind2=" ">
    <subfield code="a">Dorris, William E.,</subfield>
    <subfield code="e">editor.</subfield>
  </datafield>
  <datafield tag="775" ind1="0" ind2="8">
    <subfield code="i">Revision of:</subfield>
    <subfield code="a">Kelleher, Thomas J.</subfield>
    <subfield code="t">Construction disputes : practice guide with forms.</subfield>
    <subfield code="b">2nd ed.</subfield>
    <subfield code="d">New York : Aspen Publishers, c2002.</subfield>
    <subfield code="w">(DLC) 2002011575.</subfield>
    <subfield code="z">0735530084.</subfield>
  </datafield>
  <datafield tag="952" ind1=" " ind2=" ">
    <subfield code="a">Verifier: Consider if the &quot;editors&quot; are really &quot;author&quot; (with impact on 100 field, cutter already based on first edition). xg08</subfield>
  </datafield>
</record>