
<record>
  <leader>03797cam a22004098i 4500</leader>
  <controlfield tag="001">21096046</controlfield>
  <controlfield tag="005">20200103094659.0</controlfield>
  <controlfield tag="008">190716s2020    pau      b    001 0 eng  </controlfield>
  <datafield tag="906" ind1=" " ind2=" ">
    <subfield code="a">0</subfield>
    <subfield code="b">vip</subfield>
    <subfield code="c">orignew</subfield>
    <subfield code="d">1</subfield>
    <subfield code="e">ecip</subfield>
    <subfield code="f">20</subfield>
    <subfield code="g">y-gencatlg</subfield>
  </datafield>
  <datafield tag="925" ind1="0" ind2=" ">
    <subfield code="a">acquire</subfield>
    <subfield code="b">1 shelf copy</subfield>
    <subfield code="x">policy default</subfield>
  </datafield>
  <datafield tag="955" ind1=" " ind2=" ">
    <subfield code="b">MdRoLAC 2019-07-14</subfield>
    <subfield code="e">xk34 2019-07-23 to review</subfield>
    <subfield code="r">xk14 2019-07-23</subfield>
    <subfield code="w">xk14 2019-07-23 to CIP</subfield>
    <subfield code="a">xn11 2020-01-03 1 copy rec&apos;d., to CIP ver.</subfield>
  </datafield>
  <datafield tag="010" ind1=" " ind2=" ">
    <subfield code="a">  2019026552</subfield>
  </datafield>
  <datafield tag="020" ind1=" " ind2=" ">
    <subfield code="a">9781799812197</subfield>
    <subfield code="q">(hardcover)</subfield>
  </datafield>
  <datafield tag="020" ind1=" " ind2=" ">
    <subfield code="a">9781799812203</subfield>
    <subfield code="q">(paperback)</subfield>
  </datafield>
  <datafield tag="020" ind1=" " ind2=" ">
    <subfield code="z">9781799812210</subfield>
    <subfield code="q">(ebook)</subfield>
  </datafield>
  <datafield tag="040" ind1=" " ind2=" ">
    <subfield code="a">LBSOR/DLC</subfield>
    <subfield code="b">eng</subfield>
    <subfield code="c">DLC</subfield>
    <subfield code="e">rda</subfield>
  </datafield>
  <datafield tag="042" ind1=" " ind2=" ">
    <subfield code="a">pcc</subfield>
  </datafield>
  <datafield tag="050" ind1="0" ind2="0">
    <subfield code="a">P118.2</subfield>
    <subfield code="b">.I578 2020</subfield>
  </datafield>
  <datafield tag="082" ind1="0" ind2="0">
    <subfield code="a">418.0071</subfield>
    <subfield code="2">23</subfield>
  </datafield>
  <datafield tag="245" ind1="0" ind2="0">
    <subfield code="a">International approaches to bridging the language gap /</subfield>
    <subfield code="c">Cristina-Aránzazu Huertas-Abril and María Elena Gómez Parra, editors.</subfield>
  </datafield>
  <datafield tag="263" ind1=" " ind2=" ">
    <subfield code="a">1111</subfield>
  </datafield>
  <datafield tag="264" ind1=" " ind2="1">
    <subfield code="a">Hershey PA :</subfield>
    <subfield code="b">Information Science Reference (an imprint of IGI Global),</subfield>
    <subfield code="c">[2020]</subfield>
  </datafield>
  <datafield tag="300" ind1=" " ind2=" ">
    <subfield code="a">pages cm</subfield>
  </datafield>
  <datafield tag="336" ind1=" " ind2=" ">
    <subfield code="a">text</subfield>
    <subfield code="b">txt</subfield>
    <subfield code="2">rdacontent</subfield>
  </datafield>
  <datafield tag="337" ind1=" " ind2=" ">
    <subfield code="a">unmediated</subfield>
    <subfield code="b">n</subfield>
    <subfield code="2">rdamedia</subfield>
  </datafield>
  <datafield tag="338" ind1=" " ind2=" ">
    <subfield code="a">volume</subfield>
    <subfield code="b">nc</subfield>
    <subfield code="2">rdacarrier</subfield>
  </datafield>
  <datafield tag="504" ind1=" " ind2=" ">
    <subfield code="a">Includes bibliographical references and index.</subfield>
  </datafield>
  <datafield tag="505" ind1="0" ind2=" ">
    <subfield code="a">International approaches to bridging the language gap / Cristina-Aránzazu Huertas-Abril, María Gómez Parra -- Preserving the mother tongue of English language learners / Jatnna Acosta -- A lexical analysis of methodological tools and their linguistic use in English and Spanish : addressing the terminological language gap / Yolanda Morató -- Interpreting to brigde the gaps in war conflicts / Aurora Ruiz Mezcua, María del Carmen Valverde Ferrera -- Dealing with language gap in a Hungarian-English early childhood classroom / Eva Csillik, Irina Golubeva -- Making language learning more inclusive : Introducing rubrics to adult students to improve written performance / María Bobadilla Pérez, Lucía Fraga Viñas -- Beyond the English divide in South Korea / Maria Teresa Martinez-Garcia -- Analysis of the listening skill (B1 and B2 levels) in the online self-learning process of English / Adela González -- Language gap : cultural assumptions and ideologies / Yana Kuchirko, Irena Nayfeld -- Digital competence to bridge the language gap / Anjali Daisy -- Improving teachers&apos; digital competence to bridge the language gap / Manuela Caravello, Cristina A. Huertas-Abril, María Elena Gómez Parra -- English as a Lingua Franca approaches to bridge the gap between theory and practice / Aicha Rahal -- CLIL, bilingual education and pluriliteracies : bridging the language gap in the knowledge society / Leonor Martínez Serrano -- Emergent technologies as a bridge to confront the language gap / Jorge Figueroa -- TELL, CALL and MALL : approaches to bridge the language gap / Francisco Javier Palacios-Hidalgo -- Social media support and the need of counselling from experts in autonomous language learning : challenges and strategies for the 21st century / María Elena Gómez Parra -- The spelling gap in English : economy of rules and resolution of puzzles / Blasius Achiri-Taboh.</subfield>
  </datafield>
  <datafield tag="520" ind1=" " ind2=" ">
    <subfield code="a">&quot;This book explores methods and applications of second language teaching as well as social developments regarding intercultural learning&quot;--Provided by publisher.</subfield>
  </datafield>
  <datafield tag="650" ind1=" " ind2="0">
    <subfield code="a">Second language acquisition.</subfield>
  </datafield>
  <datafield tag="650" ind1=" " ind2="0">
    <subfield code="a">Language and languages</subfield>
    <subfield code="x">Study and teaching.</subfield>
  </datafield>
  <datafield tag="650" ind1=" " ind2="0">
    <subfield code="a">Language and culture</subfield>
    <subfield code="x">Study and teaching.</subfield>
  </datafield>
  <datafield tag="650" ind1=" " ind2="0">
    <subfield code="a">Multicultural education.</subfield>
  </datafield>
  <datafield tag="700" ind1="1" ind2=" ">
    <subfield code="a">Huertas-Abril, Cristina A.,</subfield>
    <subfield code="d">1987-</subfield>
    <subfield code="e">editor.</subfield>
  </datafield>
  <datafield tag="700" ind1="1" ind2=" ">
    <subfield code="a">Gomez-Parra, M. Elena,</subfield>
    <subfield code="d">1970-</subfield>
    <subfield code="e">editor.</subfield>
  </datafield>
  <datafield tag="776" ind1="0" ind2="8">
    <subfield code="i">Online version:</subfield>
    <subfield code="t">International approaches to bridging the language gap.</subfield>
    <subfield code="d">Hershey PA : Information Science Reference (an imprint of IGI Global), [2020]</subfield>
    <subfield code="z">9781799812210</subfield>
    <subfield code="w">(DLC)  2019026553</subfield>
  </datafield>
  <datafield tag="985" ind1=" " ind2=" ">
    <subfield code="a">LBSORCIP</subfield>
    <subfield code="d">2019-07-14</subfield>
  </datafield>
</record>