
<record>
  <leader>04719cam a22004098i 4500</leader>
  <controlfield tag="001">21096766</controlfield>
  <controlfield tag="005">20200103104523.0</controlfield>
  <controlfield tag="008">190722s2020    nyu      b    001 0 eng  </controlfield>
  <datafield tag="906" ind1=" " ind2=" ">
    <subfield code="a">0</subfield>
    <subfield code="b">vip</subfield>
    <subfield code="c">orignew</subfield>
    <subfield code="d">1</subfield>
    <subfield code="e">ecip</subfield>
    <subfield code="f">20</subfield>
    <subfield code="g">y-gencatlg</subfield>
  </datafield>
  <datafield tag="925" ind1="0" ind2=" ">
    <subfield code="a">acquire</subfield>
    <subfield code="b">1 shelf copy</subfield>
    <subfield code="x">policy default</subfield>
  </datafield>
  <datafield tag="955" ind1=" " ind2=" ">
    <subfield code="b">IEN 2019-07-22</subfield>
    <subfield code="e">re24 2019-07-23 to Dewey (episodic telework)</subfield>
    <subfield code="a">xn11 2020-01-03 1 copy rec&apos;d., to CIP ver.</subfield>
  </datafield>
  <datafield tag="010" ind1=" " ind2=" ">
    <subfield code="a">  2019031767</subfield>
  </datafield>
  <datafield tag="020" ind1=" " ind2=" ">
    <subfield code="a">9780367232962</subfield>
    <subfield code="q">(hardback)</subfield>
  </datafield>
  <datafield tag="020" ind1=" " ind2=" ">
    <subfield code="z">9780429279171</subfield>
    <subfield code="q">(ebook)</subfield>
  </datafield>
  <datafield tag="040" ind1=" " ind2=" ">
    <subfield code="a">IEN/DLC</subfield>
    <subfield code="b">eng</subfield>
    <subfield code="c">DLC</subfield>
    <subfield code="e">rda</subfield>
  </datafield>
  <datafield tag="042" ind1=" " ind2=" ">
    <subfield code="a">pcc</subfield>
  </datafield>
  <datafield tag="043" ind1=" " ind2=" ">
    <subfield code="a">f-tz---</subfield>
    <subfield code="a">f-ug---</subfield>
  </datafield>
  <datafield tag="050" ind1="0" ind2="0">
    <subfield code="a">JQ3519.A2</subfield>
    <subfield code="b">P73 2020</subfield>
  </datafield>
  <datafield tag="082" ind1="0" ind2="4">
    <subfield code="a">323.609678</subfield>
    <subfield code="2">23</subfield>
  </datafield>
  <datafield tag="245" ind1="0" ind2="0">
    <subfield code="a">Practices of citizenship in East Africa :</subfield>
    <subfield code="b">perspectives from philosophical pragmatism /</subfield>
    <subfield code="c">edited by Katariina Holma and Tiina Kontinen.</subfield>
  </datafield>
  <datafield tag="263" ind1=" " ind2=" ">
    <subfield code="a">1111</subfield>
  </datafield>
  <datafield tag="264" ind1=" " ind2="1">
    <subfield code="a">New York :</subfield>
    <subfield code="b">Routledge,</subfield>
    <subfield code="c">2020.</subfield>
  </datafield>
  <datafield tag="300" ind1=" " ind2=" ">
    <subfield code="a">pages cm</subfield>
  </datafield>
  <datafield tag="336" ind1=" " ind2=" ">
    <subfield code="a">text</subfield>
    <subfield code="b">txt</subfield>
    <subfield code="2">rdacontent</subfield>
  </datafield>
  <datafield tag="337" ind1=" " ind2=" ">
    <subfield code="a">unmediated</subfield>
    <subfield code="b">n</subfield>
    <subfield code="2">rdamedia</subfield>
  </datafield>
  <datafield tag="338" ind1=" " ind2=" ">
    <subfield code="a">volume</subfield>
    <subfield code="b">nc</subfield>
    <subfield code="2">rdacarrier</subfield>
  </datafield>
  <datafield tag="504" ind1=" " ind2=" ">
    <subfield code="a">Includes bibliographical references and index.</subfield>
  </datafield>
  <datafield tag="505" ind1="0" ind2="0">
    <subfield code="t">Introduction /</subfield>
    <subfield code="r">Tiina Kontinen &amp; Katariina Holma --</subfield>
    <subfield code="g">Part I: Concepts Anchored In The Philosophical Pragmatism --</subfield>
    <subfield code="t">Practices and habits of citizenship and learning /</subfield>
    <subfield code="r">Katariina Holma &amp; Tiina Kontinen --</subfield>
    <subfield code="t">Pragmatism, social inquiry and the method of democracy /</subfield>
    <subfield code="r">Henrik Rydenfelt --</subfield>
    <subfield code="t">John Dewey&apos;s notion of social intelligence /</subfield>
    <subfield code="r">Veli-Mikko Kauppi, Katariina Holma &amp; Tiina Kontinen --</subfield>
    <subfield code="g">Part II: Localized Practices And Habits Of Citizenship --</subfield>
    <subfield code="t">Contextualizing citizenship in Uganda /</subfield>
    <subfield code="r">Henni Alava, Twine H. Bananuka, Karembe F. Ahimbisibwe &amp; Tiina Kontinen --</subfield>
    <subfield code="t">Contextualizing citizenship in Tanzania /</subfield>
    <subfield code="r">Ajali M. Nguyahambi, Haji H. Chang&apos;a, Benta N. Matunga, Rehema G. Kilonzo &amp; Tiina Kontinen --</subfield>
    <subfield code="t">The everyday and spectacle of subdued citizenship in northern Uganda /</subfield>
    <subfield code="r">Henni Alava --</subfield>
    <subfield code="t">Gendered citizenship in rural Uganda: Localized, exclusive and active /</subfield>
    <subfield code="r">Alice N. Ndidde, Karembe F. Ahimbisibwe &amp; Tiina Kontinen --</subfield>
    <subfield code="t">&quot;A good believer is a good citizen&quot;: Connecting Islamic morals with civic virtues in rural Tanzania /</subfield>
    <subfield code="r">Ajali M. Nguyahambi &amp; Tiina Kontinen --</subfield>
    <subfield code="t">Habits of contributing citizenship: Self-help groups in rural Tanzania /</subfield>
    <subfield code="r">Rehema G. Kilonzo, Benta N. Matunga, Haji H. Chang&apos;a &amp; Tiina Kontinen --</subfield>
    <subfield code="g">Part III: Tranformative Ideals And Incremental Change --</subfield>
    <subfield code="t">Participatory methodology in exploring citizenship: A critical learning process /</subfield>
    <subfield code="r">Karembe F. Ahimbisibwe, Alice N. Ndidde &amp; Tiina Kontinen --</subfield>
    <subfield code="t">Learning in a Ugandan gender advocacy NGO: Organizational growth and institutional wrestling /</subfield>
    <subfield code="r">Tiina Kontinen &amp; Alice N. Ndidde --</subfield>
    <subfield code="t">The crafting of &quot;critical education&quot;: Experiences of a Ugandan NGO /</subfield>
    <subfield code="r">Twine H. Bananuka &amp; Vaughn M. John --</subfield>
    <subfield code="t">Social accountability monitoring as an approach to promoting active citizenship in Tanzania /</subfield>
    <subfield code="r">Ajali M. Nguyahambi &amp; Haji H. Chang&apos;a --</subfield>
    <subfield code="t">Conclusions /</subfield>
    <subfield code="r">Tiina Kontinen &amp; Katariina Holma.</subfield>
  </datafield>
  <datafield tag="520" ind1=" " ind2=" ">
    <subfield code="a">&quot;Practices of Citizenship in East Africa uses insights from philosophical pragmatism to explore how to strengthen citizenship within developing countries. Using a bottom-up approach, the book investigates the various everyday practices in which citizenship habits are formed and reformulated. In particular, the book reflects on the challenges of implementing the ideals of transformative and critical learning in the attempts to promote active citizenship. Drawing on extensive empirical research from rural Uganda and Tanzania and bringing forward the voices of African researchers and academics, the book highlights the importance of context in defining how habits and practices of citizenship are constructed and understood within communities. The book demonstrates how conceptualizations derived from philosophical pragmatism facilitate identification of the dynamics of incremental change in citizenship. It also provides a definition of learning as reformulation of habits, which helps to understand the difficulties in promoting change. This book will be of interest to scholars within the fields of development, governance, and educational philosophy. Practitioners and policy-makers working on inclusive citizenship and interventions to strengthen civil society will also find the concepts explored in this book useful to their work&quot;--</subfield>
    <subfield code="c">Provided by publisher.</subfield>
  </datafield>
  <datafield tag="650" ind1=" " ind2="0">
    <subfield code="a">Citizenship</subfield>
    <subfield code="z">Tanzania.</subfield>
  </datafield>
  <datafield tag="650" ind1=" " ind2="0">
    <subfield code="a">Citizenship</subfield>
    <subfield code="z">Uganda.</subfield>
  </datafield>
  <datafield tag="650" ind1=" " ind2="0">
    <subfield code="a">Democracy</subfield>
    <subfield code="z">Tanzania.</subfield>
  </datafield>
  <datafield tag="650" ind1=" " ind2="0">
    <subfield code="a">Democracy</subfield>
    <subfield code="z">Uganda.</subfield>
  </datafield>
  <datafield tag="700" ind1="1" ind2=" ">
    <subfield code="a">Holma, Katariina,</subfield>
    <subfield code="e">editor,</subfield>
    <subfield code="e">author.</subfield>
  </datafield>
  <datafield tag="700" ind1="1" ind2=" ">
    <subfield code="a">Kontinen, Tiina,</subfield>
    <subfield code="e">editor,</subfield>
    <subfield code="e">author.</subfield>
  </datafield>
  <datafield tag="776" ind1="0" ind2="8">
    <subfield code="i">Online version:</subfield>
    <subfield code="t">Practices of citizenship in East Africa</subfield>
    <subfield code="d">New York : Routledge, 2020.</subfield>
    <subfield code="z">9780429279171</subfield>
    <subfield code="w">(DLC) 2019031768</subfield>
  </datafield>
  <datafield tag="985" ind1=" " ind2=" ">
    <subfield code="a">IENCIP</subfield>
    <subfield code="d">2019-07-22</subfield>
  </datafield>
</record>