
<record>
  <leader>02464cam a2200409 i 4500</leader>
  <controlfield tag="001">21097303</controlfield>
  <controlfield tag="005">20200103152148.0</controlfield>
  <controlfield tag="008">190723s2020    ne       b    001 0 eng  </controlfield>
  <datafield tag="906" ind1=" " ind2=" ">
    <subfield code="a">7</subfield>
    <subfield code="b">cbc</subfield>
    <subfield code="c">orignew</subfield>
    <subfield code="d">1</subfield>
    <subfield code="e">ecip</subfield>
    <subfield code="f">20</subfield>
    <subfield code="g">y-gencatlg</subfield>
  </datafield>
  <datafield tag="925" ind1="0" ind2=" ">
    <subfield code="a">acquire</subfield>
    <subfield code="b">1 shelf copy</subfield>
    <subfield code="x">policy default</subfield>
  </datafield>
  <datafield tag="955" ind1=" " ind2=" ">
    <subfield code="b">rk14 2019-07-23</subfield>
    <subfield code="c">rk14 2019-07-23 telework to subj</subfield>
    <subfield code="d">rk02 2019-08-13 to Dewey (telework)</subfield>
    <subfield code="w">xm07 2019-08-13</subfield>
    <subfield code="a">xn11 2019-11-27 1 copy rec&apos;d., to CIP ver.</subfield>
    <subfield code="a">rk20 2019-12-11 book received in ART</subfield>
    <subfield code="f">rk24 2020-01-03 Telework to BCCD</subfield>
  </datafield>
  <datafield tag="010" ind1=" " ind2=" ">
    <subfield code="a">  2019030718</subfield>
  </datafield>
  <datafield tag="020" ind1=" " ind2=" ">
    <subfield code="a">9789004409989</subfield>
    <subfield code="q">(paperback)</subfield>
  </datafield>
  <datafield tag="020" ind1=" " ind2=" ">
    <subfield code="z">9789004413917</subfield>
    <subfield code="q">(ebook)</subfield>
  </datafield>
  <datafield tag="040" ind1=" " ind2=" ">
    <subfield code="a">DLC</subfield>
    <subfield code="b">eng</subfield>
    <subfield code="e">rda</subfield>
    <subfield code="c">DLC</subfield>
    <subfield code="d">DLC</subfield>
  </datafield>
  <datafield tag="042" ind1=" " ind2=" ">
    <subfield code="a">pcc</subfield>
  </datafield>
  <datafield tag="043" ind1=" " ind2=" ">
    <subfield code="a">n-us---</subfield>
  </datafield>
  <datafield tag="050" ind1="0" ind2="0">
    <subfield code="a">BV90</subfield>
    <subfield code="b">.M64 2020</subfield>
  </datafield>
  <datafield tag="082" ind1="0" ind2="0">
    <subfield code="a">264/.0200904</subfield>
    <subfield code="2">23</subfield>
  </datafield>
  <datafield tag="100" ind1="1" ind2=" ">
    <subfield code="a">Moore, Laura E.,</subfield>
    <subfield code="e">author.</subfield>
  </datafield>
  <datafield tag="245" ind1="1" ind2="0">
    <subfield code="a">From Easter to Holy Week :</subfield>
    <subfield code="b">the paschal mystery and liturgical renewal in the twentieth century /</subfield>
    <subfield code="c">by Laura E. Moore.</subfield>
  </datafield>
  <datafield tag="264" ind1=" " ind2="1">
    <subfield code="a">Leiden ; Boston :</subfield>
    <subfield code="b">Brill,</subfield>
    <subfield code="c">[2020]</subfield>
  </datafield>
  <datafield tag="300" ind1=" " ind2=" ">
    <subfield code="a">vi, 221 pages ;</subfield>
    <subfield code="c">24 cm.</subfield>
  </datafield>
  <datafield tag="336" ind1=" " ind2=" ">
    <subfield code="a">text</subfield>
    <subfield code="b">txt</subfield>
    <subfield code="2">rdacontent</subfield>
  </datafield>
  <datafield tag="337" ind1=" " ind2=" ">
    <subfield code="a">unmediated</subfield>
    <subfield code="b">n</subfield>
    <subfield code="2">rdamedia</subfield>
  </datafield>
  <datafield tag="338" ind1=" " ind2=" ">
    <subfield code="a">volume</subfield>
    <subfield code="b">nc</subfield>
    <subfield code="2">rdacarrier</subfield>
  </datafield>
  <datafield tag="490" ind1="0" ind2=" ">
    <subfield code="a">Anglican-Episcopal theology and history,</subfield>
    <subfield code="x">2405-7576 ;</subfield>
    <subfield code="v">volume 5</subfield>
  </datafield>
  <datafield tag="504" ind1=" " ind2=" ">
    <subfield code="a">Includes bibliographical references (pages 197-214) and index.</subfield>
  </datafield>
  <datafield tag="520" ind1=" " ind2=" ">
    <subfield code="a">&quot;The story of the twentieth-century Liturgical Movement is, more than anything else, about the rediscovery and renewed understanding of the fundamental reality of the Paschal Mystery and of the Paschal identity of the Church. This identity is expressed and celebrated whenever the Body of Christ - every member - welcomes new members in the waters of baptism and feasts with them in the Eucharist, especially as these are celebrated during Holy Week. This book explores this rediscovery, first in the Roman Catholic Church and then in the Episcopal Church and other Churches of the Anglican Communion, and looks in particular at how both grassroots and official work played a role in renewing and restoring the liturgical celebrations of Holy Week&quot;--</subfield>
    <subfield code="c">Provided by publisher.</subfield>
  </datafield>
  <datafield tag="650" ind1=" " ind2="0">
    <subfield code="a">Holy Week.</subfield>
  </datafield>
  <datafield tag="650" ind1=" " ind2="0">
    <subfield code="a">Paschal mystery.</subfield>
  </datafield>
  <datafield tag="650" ind1=" " ind2="0">
    <subfield code="a">Liturgical movement.</subfield>
  </datafield>
  <datafield tag="650" ind1=" " ind2="0">
    <subfield code="a">Liturgics.</subfield>
  </datafield>
  <datafield tag="610" ind1="2" ind2="0">
    <subfield code="a">Catholic Church</subfield>
    <subfield code="x">Liturgy.</subfield>
  </datafield>
  <datafield tag="610" ind1="2" ind2="0">
    <subfield code="a">Episcopal Church</subfield>
    <subfield code="x">Liturgy.</subfield>
  </datafield>
  <datafield tag="650" ind1=" " ind2="0">
    <subfield code="a">Anglican Communion</subfield>
    <subfield code="x">Liturgy.</subfield>
  </datafield>
  <datafield tag="776" ind1="0" ind2="8">
    <subfield code="i">Online version:</subfield>
    <subfield code="a">Moore, Laura E.,</subfield>
    <subfield code="t">From easter to holy week</subfield>
    <subfield code="d">Leiden ; Boston : Brill, 2019.</subfield>
    <subfield code="z">9789004413917</subfield>
    <subfield code="w">(DLC) 2019030719</subfield>
  </datafield>
</record>