
<record>
  <leader>03003cam a22003258i 4500</leader>
  <controlfield tag="001">21099240</controlfield>
  <controlfield tag="005">20200103155630.0</controlfield>
  <controlfield tag="008">190724s2019    nyu      b    001 0 eng  </controlfield>
  <datafield tag="906" ind1=" " ind2=" ">
    <subfield code="a">0</subfield>
    <subfield code="b">ibc</subfield>
    <subfield code="c">orignew</subfield>
    <subfield code="d">1</subfield>
    <subfield code="e">ecip</subfield>
    <subfield code="f">20</subfield>
    <subfield code="g">y-gencatlg</subfield>
  </datafield>
  <datafield tag="925" ind1="0" ind2=" ">
    <subfield code="a">acquire</subfield>
    <subfield code="b">1 shelf copy</subfield>
    <subfield code="x">policy default</subfield>
  </datafield>
  <datafield tag="955" ind1=" " ind2=" ">
    <subfield code="b">rk14 2019-07-24</subfield>
    <subfield code="c">rk14 2019-07-24 telework to subj</subfield>
    <subfield code="d">rk02 2019-08-14 to PTCP for class proposal</subfield>
    <subfield code="e">td14 2020-01-03 revised class proposal to fit shelflist; to Dewey</subfield>
  </datafield>
  <datafield tag="010" ind1=" " ind2=" ">
    <subfield code="a">  2019031987</subfield>
  </datafield>
  <datafield tag="020" ind1=" " ind2=" ">
    <subfield code="a">9780367350246</subfield>
    <subfield code="q">(hardback)</subfield>
  </datafield>
  <datafield tag="020" ind1=" " ind2=" ">
    <subfield code="z">9780429329838</subfield>
    <subfield code="q">(ebook)</subfield>
  </datafield>
  <datafield tag="040" ind1=" " ind2=" ">
    <subfield code="a">DLC</subfield>
    <subfield code="b">eng</subfield>
    <subfield code="e">rda</subfield>
    <subfield code="c">DLC</subfield>
  </datafield>
  <datafield tag="042" ind1=" " ind2=" ">
    <subfield code="a">pcc</subfield>
  </datafield>
  <datafield tag="050" ind1="0" ind2="0">
    <subfield code="a">B945.F484</subfield>
    <subfield code="b">N38 2019</subfield>
  </datafield>
  <datafield tag="245" ind1="0" ind2="0">
    <subfield code="a">Naturalism, human flourishing, and Asian philosophy :</subfield>
    <subfield code="b">Owen Flanagan and beyond /</subfield>
    <subfield code="c">edited by Bongrae Seok.</subfield>
  </datafield>
  <datafield tag="263" ind1=" " ind2=" ">
    <subfield code="a">1910</subfield>
  </datafield>
  <datafield tag="264" ind1=" " ind2="1">
    <subfield code="a">New York :</subfield>
    <subfield code="b">Routledge,</subfield>
    <subfield code="c">2019.</subfield>
  </datafield>
  <datafield tag="300" ind1=" " ind2=" ">
    <subfield code="a">pages cm.</subfield>
  </datafield>
  <datafield tag="336" ind1=" " ind2=" ">
    <subfield code="a">text</subfield>
    <subfield code="b">txt</subfield>
    <subfield code="2">rdacontent</subfield>
  </datafield>
  <datafield tag="337" ind1=" " ind2=" ">
    <subfield code="a">unmediated</subfield>
    <subfield code="b">n</subfield>
    <subfield code="2">rdamedia</subfield>
  </datafield>
  <datafield tag="338" ind1=" " ind2=" ">
    <subfield code="a">volume</subfield>
    <subfield code="b">nc</subfield>
    <subfield code="2">rdacarrier</subfield>
  </datafield>
  <datafield tag="490" ind1="0" ind2=" ">
    <subfield code="a">Routledge studies in contemporary philosophy;</subfield>
    <subfield code="v">128</subfield>
  </datafield>
  <datafield tag="504" ind1=" " ind2=" ">
    <subfield code="a">Includes bibliographical references and index.</subfield>
  </datafield>
  <datafield tag="520" ind1=" " ind2=" ">
    <subfield code="a">&quot;Naturalism, Human Flourishing, and Asian Philosophy: Owen Flanagan and Beyond is an edited volume of philosophical essays focusing on Owen Flanagan&apos;s naturalized comparative philosophy and moral psychology of human flourishing. Flanagan is an American philosopher well-known for his naturalized approach to philosophical issues such as meaning, physicalism, causation, and consciousness in the analytic school of Western philosophy. Recently, he develops his philosophical interest in Asian philosophy and discusses diverse philosophical issues of human flourishing, Buddhism and Confucianism from comparative viewpoints. The current volume discusses his philosophy of human flourishing and his naturalized approaches to Buddhism and Confucianism. The volume consists of five sections with eleven chapters written by leading experts in the fields of philosophy, religion, and psychology. The first section is an introduction to Flanagan&apos;s philosophy. The introductory chapter provides a general overview of Flanagan&apos;s philosophy, i.e., his philosophy of naturalization, comparative approach to human flourishing, and detailed summaries of the following chapters. In the second section, the three chapters discuss Flanagan&apos;s naturalized eudaimonics of human flourishing. The third section discusses Flanagan&apos;s naturalized Buddhism. The fourth section analyzes Flanagan&apos;s interpretation of Confucian philosophy (specifically Mencius&apos;s moral sprouts), specifically his theory of moral modularity and human flourishing from Confucian viewpoint. The fifth section is Flanagan&apos;s responses to the comments and criticisms developed in this volume&quot;--</subfield>
    <subfield code="c">Provided by publisher.</subfield>
  </datafield>
  <datafield tag="600" ind1="1" ind2="0">
    <subfield code="a">Flanagan, Owen J.</subfield>
  </datafield>
  <datafield tag="700" ind1="1" ind2=" ">
    <subfield code="a">Seok, Bongrae,</subfield>
    <subfield code="d">1964-</subfield>
    <subfield code="e">editor.</subfield>
  </datafield>
  <datafield tag="776" ind1="0" ind2="8">
    <subfield code="i">Online version:</subfield>
    <subfield code="t">Naturalism, human flourishing, and asian philosophy</subfield>
    <subfield code="b">1.</subfield>
    <subfield code="d">New York : Taylor &amp; Francis, 2019.</subfield>
    <subfield code="z">9780429329838</subfield>
    <subfield code="w">(DLC) 2019031988</subfield>
  </datafield>
</record>