
<record>
  <leader>03362cam a2200385 i 4500</leader>
  <controlfield tag="001">21100821</controlfield>
  <controlfield tag="005">20200103161534.0</controlfield>
  <controlfield tag="008">190724s2020    nju           000 0 eng  </controlfield>
  <datafield tag="906" ind1=" " ind2=" ">
    <subfield code="a">7</subfield>
    <subfield code="b">cbc</subfield>
    <subfield code="c">orignew</subfield>
    <subfield code="d">1</subfield>
    <subfield code="e">ecip</subfield>
    <subfield code="f">20</subfield>
    <subfield code="g">y-gencatlg</subfield>
  </datafield>
  <datafield tag="925" ind1="0" ind2=" ">
    <subfield code="a">acquire</subfield>
    <subfield code="b">1 shelf copy</subfield>
    <subfield code="x">policy default</subfield>
  </datafield>
  <datafield tag="955" ind1=" " ind2=" ">
    <subfield code="b">NLM 2019-07-25</subfield>
    <subfield code="d">xm08 2019-07-26</subfield>
    <subfield code="w">xm08 2019-07-26 (telework)</subfield>
    <subfield code="a">xn11 2019-11-25 1 copy rec&apos;d., to CIP ver.</subfield>
    <subfield code="a">rl00 2019-11-26 to SMA</subfield>
    <subfield code="a">rl02 2019-11-26</subfield>
    <subfield code="e">rl02 2020-01-03</subfield>
    <subfield code="f">rl02 2020-01-03 to CALM</subfield>
  </datafield>
  <datafield tag="010" ind1=" " ind2=" ">
    <subfield code="a">  2019032258</subfield>
  </datafield>
  <datafield tag="020" ind1=" " ind2=" ">
    <subfield code="a">9789811210082</subfield>
    <subfield code="q">(hardcover)</subfield>
  </datafield>
  <datafield tag="020" ind1=" " ind2=" ">
    <subfield code="a">9789811210778</subfield>
    <subfield code="q">(paperback)</subfield>
  </datafield>
  <datafield tag="020" ind1=" " ind2=" ">
    <subfield code="z">9789811210099</subfield>
    <subfield code="q">(ebook)</subfield>
  </datafield>
  <datafield tag="035" ind1=" " ind2=" ">
    <subfield code="a">(DNLM)101751417</subfield>
  </datafield>
  <datafield tag="040" ind1=" " ind2=" ">
    <subfield code="a">DNLM/DLC</subfield>
    <subfield code="b">eng</subfield>
    <subfield code="c">DLC</subfield>
    <subfield code="e">rda</subfield>
    <subfield code="d">DLC</subfield>
  </datafield>
  <datafield tag="042" ind1=" " ind2=" ">
    <subfield code="a">pcc</subfield>
  </datafield>
  <datafield tag="050" ind1="0" ind2="0">
    <subfield code="a">R834.5</subfield>
    <subfield code="b">.I53 2020</subfield>
  </datafield>
  <datafield tag="060" ind1="1" ind2="0">
    <subfield code="a">WB 18.2</subfield>
  </datafield>
  <datafield tag="082" ind1="0" ind2="0">
    <subfield code="a">610.76</subfield>
    <subfield code="2">23</subfield>
  </datafield>
  <datafield tag="100" ind1="1" ind2=" ">
    <subfield code="a">Ioannou, Adam,</subfield>
    <subfield code="e">author.</subfield>
  </datafield>
  <datafield tag="245" ind1="1" ind2="0">
    <subfield code="a">320 single best answer questions for final year medical students /</subfield>
    <subfield code="c">Adam Ioannou.</subfield>
  </datafield>
  <datafield tag="250" ind1=" " ind2=" ">
    <subfield code="a">Second edition.</subfield>
  </datafield>
  <datafield tag="264" ind1=" " ind2="1">
    <subfield code="a">New Jersey :</subfield>
    <subfield code="b">World Scientific,</subfield>
    <subfield code="c">[2020]</subfield>
  </datafield>
  <datafield tag="300" ind1=" " ind2=" ">
    <subfield code="a">x, 356 pages ;</subfield>
    <subfield code="c">23cm</subfield>
  </datafield>
  <datafield tag="336" ind1=" " ind2=" ">
    <subfield code="a">text</subfield>
    <subfield code="b">txt</subfield>
    <subfield code="2">rdacontent</subfield>
  </datafield>
  <datafield tag="337" ind1=" " ind2=" ">
    <subfield code="a">unmediated</subfield>
    <subfield code="b">n</subfield>
    <subfield code="2">rdamedia</subfield>
  </datafield>
  <datafield tag="338" ind1=" " ind2=" ">
    <subfield code="a">volume</subfield>
    <subfield code="b">nc</subfield>
    <subfield code="2">rdacarrier</subfield>
  </datafield>
  <datafield tag="505" ind1="0" ind2=" ">
    <subfield code="a">Cardiology questions -- Cardiology answers -- Endocrine questions -- Endocrine answers -- Gastrointestinal questions -- Gastrointestinal answers -- Haematology Questions -- Haematology answers -- Infectious diseases questions -- Infectious diseases answers -- Neurology questions -- Neurology answers -- Renal and urology questions -- Renal and urology answers -- Respiratory questions -- Respiratory answers -- Rheumatology questions --  Rheumatology answers -- Surgery questions -- Surgery answers -- Palliative medicine and oncology questions -- Palliative medicine and oncology answers.</subfield>
  </datafield>
  <datafield tag="520" ind1=" " ind2=" ">
    <subfield code="a">&quot;This second edition of &quot;320 Single Best Answer Questions for Final Year Medical Students&quot; is an invaluable resource for medical students preparing for their final examinations. Additionally, the breadth of topics covered and detailed answers expands the versatility of this book to a larger audience including doctors preparing for postgraduate exams and other allied healthcare professionals who will be examined in general internal medicine. This improved edition contains updated and new questions that are in line with the most recent developments in clinical guidelines as well as being written in accordance with the recent changes to medical school examinations. The 320 questions are divided into 11 commonly tested areas of medicine, surgery and sub-specialities. They are designed to provide a comprehensive coverage of the medical school curriculum and to allow practice by speciality or random selection. The questions are written in the format of medical final examinations. The answers provide detailed explanations as to how the correct answer is reached, followed by a clear discussion of how the incorrect answers are ruled out and supplementary information about other important aspects of each question. The answers are designed to allow the reader to further enhance their clinical knowledge, understanding and single best answer technique, thus making this book an excellent aid for exam preparation&quot;--</subfield>
    <subfield code="c">Provided by publisher.</subfield>
  </datafield>
  <datafield tag="650" ind1="1" ind2="2">
    <subfield code="a">Medicine</subfield>
  </datafield>
  <datafield tag="650" ind1="2" ind2="2">
    <subfield code="a">Students, Medical</subfield>
  </datafield>
  <datafield tag="655" ind1=" " ind2="2">
    <subfield code="a">Examination Question</subfield>
  </datafield>
  <datafield tag="985" ind1=" " ind2=" ">
    <subfield code="a">NLMCIP</subfield>
    <subfield code="d">2019-07-25</subfield>
  </datafield>
</record>