
<record>
  <leader>03454cam a2200481 i 4500</leader>
  <controlfield tag="001">21105266</controlfield>
  <controlfield tag="005">20200103120201.0</controlfield>
  <controlfield tag="008">190717s2018    ci a     bc   000 0 eng  </controlfield>
  <datafield tag="906" ind1=" " ind2=" ">
    <subfield code="a">7</subfield>
    <subfield code="b">cbc</subfield>
    <subfield code="c">origres</subfield>
    <subfield code="d">3</subfield>
    <subfield code="e">ncip</subfield>
    <subfield code="f">20</subfield>
    <subfield code="g">y-gencatlg</subfield>
  </datafield>
  <datafield tag="925" ind1="0" ind2=" ">
    <subfield code="a">acquire</subfield>
    <subfield code="b">1 shelf copy</subfield>
    <subfield code="x">policy default</subfield>
  </datafield>
  <datafield tag="955" ind1=" " ind2=" ">
    <subfield code="a">ve40 2017-07-26</subfield>
    <subfield code="b">fd50 2019-09-25</subfield>
    <subfield code="a">fg00 2019-09-25 to GS/SEE</subfield>
    <subfield code="a">ff00 2019-09-26 to GS/SBCG</subfield>
    <subfield code="i">ff72 2019-09-26</subfield>
    <subfield code="s">fg23 2019-10-07 copy 2 to ECC</subfield>
    <subfield code="u">fg23 2020-01-03</subfield>
    <subfield code="s">fg23 2020-01-03 copy 2 to ECC</subfield>
  </datafield>
  <datafield tag="010" ind1=" " ind2=" ">
    <subfield code="a">  2019434056</subfield>
  </datafield>
  <datafield tag="020" ind1=" " ind2=" ">
    <subfield code="a">9789537641726</subfield>
  </datafield>
  <datafield tag="020" ind1=" " ind2=" ">
    <subfield code="a">9789530620100</subfield>
  </datafield>
  <datafield tag="035" ind1=" " ind2=" ">
    <subfield code="a">(HR-ZaZK)ZaZK15894 2005</subfield>
  </datafield>
  <datafield tag="040" ind1=" " ind2=" ">
    <subfield code="a">DLC</subfield>
    <subfield code="b">eng</subfield>
    <subfield code="c">DLC</subfield>
    <subfield code="e">rda</subfield>
  </datafield>
  <datafield tag="041" ind1="1" ind2=" ">
    <subfield code="a">emg</subfield>
    <subfield code="h">hrv</subfield>
  </datafield>
  <datafield tag="042" ind1=" " ind2=" ">
    <subfield code="a">pcc</subfield>
  </datafield>
  <datafield tag="043" ind1=" " ind2=" ">
    <subfield code="a">e-ci---</subfield>
  </datafield>
  <datafield tag="050" ind1="0" ind2="0">
    <subfield code="a">NX571.C76</subfield>
    <subfield code="b">S49413 2018</subfield>
  </datafield>
  <datafield tag="130" ind1="0" ind2=" ">
    <subfield code="a">Šezdesete u Hrvatskoj.</subfield>
    <subfield code="l">English</subfield>
  </datafield>
  <datafield tag="245" ind1="1" ind2="4">
    <subfield code="a">The Sixties in Croatia :</subfield>
    <subfield code="b">Myth and Reality /</subfield>
    <subfield code="c">editors: Vesna Ledić, Adriana Prlić, Miroslava Vučić.</subfield>
  </datafield>
  <datafield tag="246" ind1="3" ind2=" ">
    <subfield code="a">60s in Croatia</subfield>
  </datafield>
  <datafield tag="264" ind1=" " ind2="1">
    <subfield code="a">Zagreb :</subfield>
    <subfield code="b">Muzej za umjetnost i obrt ; Školska knjiga,</subfield>
    <subfield code="c">[2018]</subfield>
  </datafield>
  <datafield tag="300" ind1=" " ind2=" ">
    <subfield code="a">447 pages :</subfield>
    <subfield code="b">illustrations (some color) ;</subfield>
    <subfield code="c">30 cm</subfield>
  </datafield>
  <datafield tag="336" ind1=" " ind2=" ">
    <subfield code="a">text</subfield>
    <subfield code="b">txt</subfield>
    <subfield code="2">rdacontent</subfield>
  </datafield>
  <datafield tag="336" ind1=" " ind2=" ">
    <subfield code="a">still image</subfield>
    <subfield code="b">sti</subfield>
    <subfield code="2">rdacontent</subfield>
  </datafield>
  <datafield tag="337" ind1=" " ind2=" ">
    <subfield code="a">unmediated</subfield>
    <subfield code="b">n</subfield>
    <subfield code="2">rdamedia</subfield>
  </datafield>
  <datafield tag="338" ind1=" " ind2=" ">
    <subfield code="a">volume</subfield>
    <subfield code="b">nc</subfield>
    <subfield code="2">rdacarrier</subfield>
  </datafield>
  <datafield tag="500" ind1=" " ind2=" ">
    <subfield code="a">Published on the occasion of the exhibition, &quot;The Sixties in Croatia - Myth and Reality&quot; held from April to October 2018 at the Museum of Arts and Crafts, Zagreb, Croatia.</subfield>
  </datafield>
  <datafield tag="504" ind1=" " ind2=" ">
    <subfield code="a">Includes bibliographical references.</subfield>
  </datafield>
  <datafield tag="520" ind1="8" ind2=" ">
    <subfield code="a">The detailed and richly illustrated monograph &apos;The Sixties in Croatia - Myth and Reality&apos; offers a comprehensive overview of all aspects of life in a decade of changes - from the cultural and the artistic, the economic and the socio-political context to the everyday lives of ordinary people. The monograph is part of the large cultural project and exhibition &apos;The Sixties in Croatia - Myth and Reality&apos;, at the Museum of Arts and Crafts in Zagreb (MUO). The monograph was written by experts who, under the supervision of Prof. Zvonko Makovic, the creator of the exhibition concept, helped set up the exhibition. The monograph - together with the exhibition at the Museum of Arts and Crafts, but also as an independent, valuable publishing project - offers a clear and detailed insight into one of the key periods in recent Croatian history. It covers a little more than just the decade itself, considering the period from 1958 to 1971. The turbulent sixties are portrayed in eighteen sections: The Socio-Political Context; Everyday Life; The Visual Arts; Graphic Design; Industrial Design; Ceramics; Architecture; Literature; Theatre; Film; Photography; Dance; The Music Biennale Zagreb; Pop, Rock and Jazz Music; Fashion; Fashion Photography; Croatian Print Media; and Zagreb Radiotelevision. Also included is a valuable chronology of the Sixties in the world and in Croatia.</subfield>
  </datafield>
  <datafield tag="650" ind1=" " ind2="0">
    <subfield code="a">Arts, Croatian</subfield>
    <subfield code="x">History</subfield>
    <subfield code="y">20th century</subfield>
    <subfield code="v">Exhibitions.</subfield>
  </datafield>
  <datafield tag="650" ind1=" " ind2="0">
    <subfield code="a">Nineteen sixties</subfield>
    <subfield code="v">Exhibitions.</subfield>
  </datafield>
  <datafield tag="650" ind1=" " ind2="0">
    <subfield code="a">Art and society</subfield>
    <subfield code="z">Croatia</subfield>
    <subfield code="z">Zagreb</subfield>
    <subfield code="v">Exhibitions.</subfield>
  </datafield>
  <datafield tag="651" ind1=" " ind2="0">
    <subfield code="a">Croatia</subfield>
    <subfield code="x">Civilization</subfield>
    <subfield code="y">20th century</subfield>
    <subfield code="v">Exhibitions.</subfield>
  </datafield>
  <datafield tag="650" ind1=" " ind2="0">
    <subfield code="a">Art, Modern</subfield>
    <subfield code="y">20th century</subfield>
    <subfield code="x">Themes, motives</subfield>
    <subfield code="v">Exhibitions</subfield>
  </datafield>
  <datafield tag="700" ind1="1" ind2=" ">
    <subfield code="a">Ledić, Vesna.</subfield>
    <subfield code="e">editor.</subfield>
  </datafield>
  <datafield tag="700" ind1="1" ind2=" ">
    <subfield code="a">Prlić, Adriana,</subfield>
    <subfield code="e">editor.</subfield>
  </datafield>
  <datafield tag="700" ind1="1" ind2=" ">
    <subfield code="a">Vučić, Miroslava,</subfield>
    <subfield code="e">editor.</subfield>
  </datafield>
  <datafield tag="710" ind1="2" ind2=" ">
    <subfield code="a">Muzej za umjetnost i obrt (Zagreb, Croatia),</subfield>
    <subfield code="e">host institution.</subfield>
  </datafield>
  <datafield tag="923" ind1=" " ind2=" ">
    <subfield code="d">20190222</subfield>
    <subfield code="n">2005</subfield>
    <subfield code="s">HR-ZaZk</subfield>
  </datafield>
  <datafield tag="985" ind1=" " ind2=" ">
    <subfield code="e">VENDOR LOAD</subfield>
  </datafield>
</record>