
<record>
  <leader>03019cam a22003858i 4500</leader>
  <controlfield tag="001">21114672</controlfield>
  <controlfield tag="005">20200103133803.0</controlfield>
  <controlfield tag="008">190802s2019    enk      b    001 0 eng  </controlfield>
  <datafield tag="906" ind1=" " ind2=" ">
    <subfield code="a">0</subfield>
    <subfield code="b">vip</subfield>
    <subfield code="c">orignew</subfield>
    <subfield code="d">1</subfield>
    <subfield code="e">ecip</subfield>
    <subfield code="f">20</subfield>
    <subfield code="g">y-gencatlg</subfield>
  </datafield>
  <datafield tag="925" ind1="0" ind2=" ">
    <subfield code="a">acquire</subfield>
    <subfield code="b">1 shelf copy</subfield>
    <subfield code="x">policy default</subfield>
  </datafield>
  <datafield tag="955" ind1=" " ind2=" ">
    <subfield code="b">rk11 2019-08-02</subfield>
    <subfield code="i">rk11 2019-08-02 to Dewey</subfield>
    <subfield code="w">xm09 2019-08-05</subfield>
    <subfield code="a">xn11 2020-01-03 1 copy rec&apos;d., to CIP ver.</subfield>
  </datafield>
  <datafield tag="010" ind1=" " ind2=" ">
    <subfield code="a">  2019033933</subfield>
  </datafield>
  <datafield tag="020" ind1=" " ind2=" ">
    <subfield code="a">9781789972245</subfield>
    <subfield code="q">(paperback)</subfield>
  </datafield>
  <datafield tag="040" ind1=" " ind2=" ">
    <subfield code="a">DLC</subfield>
    <subfield code="b">eng</subfield>
    <subfield code="c">DLC</subfield>
    <subfield code="e">rda</subfield>
  </datafield>
  <datafield tag="042" ind1=" " ind2=" ">
    <subfield code="a">pcc</subfield>
  </datafield>
  <datafield tag="043" ind1=" " ind2=" ">
    <subfield code="a">e-it---</subfield>
  </datafield>
  <datafield tag="050" ind1="0" ind2="0">
    <subfield code="a">NX180.F3</subfield>
    <subfield code="b">C45 2019</subfield>
  </datafield>
  <datafield tag="082" ind1="0" ind2="0">
    <subfield code="a">700/.4112</subfield>
    <subfield code="2">23</subfield>
  </datafield>
  <datafield tag="100" ind1="1" ind2=" ">
    <subfield code="a">Champagne, John,</subfield>
    <subfield code="e">author.</subfield>
  </datafield>
  <datafield tag="245" ind1="1" ind2="0">
    <subfield code="a">Queer ventennio :</subfield>
    <subfield code="b">Italian fascism, homoerotic art, and the nonmodern in the modern /</subfield>
    <subfield code="c">John Champagne.</subfield>
  </datafield>
  <datafield tag="263" ind1=" " ind2=" ">
    <subfield code="a">1111</subfield>
  </datafield>
  <datafield tag="264" ind1=" " ind2="1">
    <subfield code="a">Oxford ;</subfield>
    <subfield code="a">New York :</subfield>
    <subfield code="b">Peter Lang,</subfield>
    <subfield code="c">[2019]</subfield>
  </datafield>
  <datafield tag="300" ind1=" " ind2=" ">
    <subfield code="a">pages cm</subfield>
  </datafield>
  <datafield tag="336" ind1=" " ind2=" ">
    <subfield code="a">text</subfield>
    <subfield code="b">txt</subfield>
    <subfield code="2">rdacontent</subfield>
  </datafield>
  <datafield tag="337" ind1=" " ind2=" ">
    <subfield code="a">unmediated</subfield>
    <subfield code="b">n</subfield>
    <subfield code="2">rdamedia</subfield>
  </datafield>
  <datafield tag="338" ind1=" " ind2=" ">
    <subfield code="a">volume</subfield>
    <subfield code="b">nc</subfield>
    <subfield code="2">rdacarrier</subfield>
  </datafield>
  <datafield tag="520" ind1=" " ind2=" ">
    <subfield code="a">&quot;Given fascist proscriptions against homosexuality, a surprising number of artists under Mussolini&apos;s regime were queer. Exploring the contribution of Italy to our understanding of both the history of homosexuality and European modernism, this ground-breaking study analyses three queer modernists-writer Giovanni Comisso, painter and writer Filippo de Pisis, and painter Corrado Cagli. None self-identified as fascists; none, however, were consistent critics of the regime. All understood their own sexuality via the idea of the primitive - a discourse fascism also employed in its efforts to secure consent for the dictatorship. What happens when we return to these men and their work minus the assumption that our most urgent task is identifying their fascist tendencies or political quietism? Variously infantilized, pathologized, marginalized, and stigmatized, treated as both cause and effect of fascism, queer ventennio artists are an easy target, not brave or selfless or savvy enough to see their common struggle with fascism&apos;s other victims. Revisiting their works and lives with an eye toward neither rehabilitation nor condemnation allows us to ponder more carefully the relationship between art and politics, how homophobia has structured art criticism, the need to further bring queer perspectives to Italian cultural analysis, and how such men disrupt our sense of modern homo/heterosexual definition&quot;--</subfield>
    <subfield code="c">Provided by publisher.</subfield>
  </datafield>
  <datafield tag="504" ind1=" " ind2=" ">
    <subfield code="a">Includes bibliographical references and index.</subfield>
  </datafield>
  <datafield tag="505" ind1="0" ind2=" ">
    <subfield code="a">Queer unhistoricism -- Giovanni Comisso -- Filippo de Pisis -- Corrado Cagli -- &quot;Quasi una conclusione&quot; : on Saba&apos;s Ernesto.</subfield>
  </datafield>
  <datafield tag="650" ind1=" " ind2="0">
    <subfield code="a">Fascism and art</subfield>
    <subfield code="z">Italy</subfield>
    <subfield code="x">History</subfield>
    <subfield code="y">20th century.</subfield>
  </datafield>
  <datafield tag="650" ind1=" " ind2="0">
    <subfield code="a">Gay erotic art</subfield>
    <subfield code="z">Italy</subfield>
    <subfield code="x">History</subfield>
    <subfield code="y">20th century.</subfield>
  </datafield>
  <datafield tag="650" ind1=" " ind2="0">
    <subfield code="a">Modernism (Aesthetics)</subfield>
    <subfield code="z">Italy.</subfield>
  </datafield>
  <datafield tag="600" ind1="1" ind2="0">
    <subfield code="a">Comisso, Giovanni,</subfield>
    <subfield code="d">1895-1969</subfield>
    <subfield code="x">Criticism and interpretation.</subfield>
  </datafield>
  <datafield tag="600" ind1="1" ind2="0">
    <subfield code="a">De Pisis, Filippo,</subfield>
    <subfield code="d">1896-1956</subfield>
    <subfield code="x">Criticism and interpretation.</subfield>
  </datafield>
  <datafield tag="600" ind1="1" ind2="0">
    <subfield code="a">Cagli, Corrado,</subfield>
    <subfield code="d">1910-1976</subfield>
    <subfield code="x">Criticism and interpretation.</subfield>
  </datafield>
</record>