
<record>
  <leader>01970cam a2200313 i 4500</leader>
  <controlfield tag="001">21119408</controlfield>
  <controlfield tag="005">20200103100143.0</controlfield>
  <controlfield tag="008">190805s2019    maua   j      000 0 eng  </controlfield>
  <datafield tag="906" ind1=" " ind2=" ">
    <subfield code="a">7</subfield>
    <subfield code="b">cbc</subfield>
    <subfield code="c">orignew</subfield>
    <subfield code="d">1</subfield>
    <subfield code="e">ecip</subfield>
    <subfield code="f">20</subfield>
    <subfield code="g">y-gencatlg</subfield>
  </datafield>
  <datafield tag="925" ind1="0" ind2=" ">
    <subfield code="a">acquire</subfield>
    <subfield code="b">1 shelf copy</subfield>
    <subfield code="x">policy default</subfield>
  </datafield>
  <datafield tag="955" ind1=" " ind2=" ">
    <subfield code="b">rm13 2019-08-05</subfield>
    <subfield code="i">rm13 2019-08-05 (telework)</subfield>
    <subfield code="w">xm07 2019-08-05</subfield>
    <subfield code="a">xn17 2019-08-07 1 copy rec&apos;d., to CIP ver.</subfield>
    <subfield code="f">rk07 2019-09-05 tele. to BCCD</subfield>
  </datafield>
  <datafield tag="010" ind1=" " ind2=" ">
    <subfield code="a">  2019008885</subfield>
  </datafield>
  <datafield tag="020" ind1=" " ind2=" ">
    <subfield code="a">9781635861549</subfield>
    <subfield code="q">(board)</subfield>
  </datafield>
  <datafield tag="020" ind1=" " ind2=" ">
    <subfield code="z">9781635861556</subfield>
    <subfield code="q">(ebook)</subfield>
  </datafield>
  <datafield tag="040" ind1=" " ind2=" ">
    <subfield code="a">DLC</subfield>
    <subfield code="b">eng</subfield>
    <subfield code="c">DLC</subfield>
    <subfield code="e">rda</subfield>
    <subfield code="d">DLC</subfield>
  </datafield>
  <datafield tag="042" ind1=" " ind2=" ">
    <subfield code="a">pcc</subfield>
  </datafield>
  <datafield tag="050" ind1="0" ind2="0">
    <subfield code="a">BJ1533.K5</subfield>
    <subfield code="b">S548 2019</subfield>
  </datafield>
  <datafield tag="082" ind1="0" ind2="0">
    <subfield code="a">177./7</subfield>
    <subfield code="2">23</subfield>
  </datafield>
  <datafield tag="100" ind1="1" ind2=" ">
    <subfield code="a">Shulman, Naomi,</subfield>
    <subfield code="e">author.</subfield>
  </datafield>
  <datafield tag="245" ind1="1" ind2="0">
    <subfield code="a">Be kind :</subfield>
    <subfield code="b">you can make the world a happier place! : 125 kind things to say &amp; do /</subfield>
    <subfield code="c">Naomi Shulman : illustrated by Hsinping Pan.</subfield>
  </datafield>
  <datafield tag="264" ind1=" " ind2="1">
    <subfield code="a">North Adams, MA :</subfield>
    <subfield code="b">Storey Publishing,</subfield>
    <subfield code="c">[2019]</subfield>
  </datafield>
  <datafield tag="300" ind1=" " ind2=" ">
    <subfield code="a">1 v unpaged :</subfield>
    <subfield code="b">ill. ;</subfield>
    <subfield code="c">22 cm.</subfield>
  </datafield>
  <datafield tag="336" ind1=" " ind2=" ">
    <subfield code="a">text</subfield>
    <subfield code="b">txt</subfield>
    <subfield code="2">rdacontent</subfield>
  </datafield>
  <datafield tag="337" ind1=" " ind2=" ">
    <subfield code="a">unmediated</subfield>
    <subfield code="b">n</subfield>
    <subfield code="2">rdamedia</subfield>
  </datafield>
  <datafield tag="338" ind1=" " ind2=" ">
    <subfield code="a">volume</subfield>
    <subfield code="b">nc</subfield>
    <subfield code="2">rdacarrier</subfield>
  </datafield>
  <datafield tag="520" ind1=" " ind2=" ">
    <subfield code="a">&quot;n Be Kind, kids learn that kindness is a quality that can be expressed in ways other than merely being &quot;nice,&quot; including standing up for someone or something, engaging in a community, showing compassion toward other beings, and expressing gratitude. With joyful illustrations and kid-friendly writing, this idea book serves as a delightful, easy-to-read collection of 100 concrete activities kids and their families can pick and choose from and act out in their daily lives, whether it&apos;s being the first person to say good morning, offering compliments, shoveling an elderly neighbor&apos;s driveway, learning to say hello in different languages, or sending a card to someone -- no special occasion required&quot;--</subfield>
    <subfield code="c">Provided by publisher.</subfield>
  </datafield>
  <datafield tag="521" ind1=" " ind2=" ">
    <subfield code="a">K to Grade 3.</subfield>
  </datafield>
  <datafield tag="650" ind1=" " ind2="0">
    <subfield code="a">Kindness</subfield>
    <subfield code="v">Juvenile literature.</subfield>
  </datafield>
  <datafield tag="776" ind1="0" ind2="8">
    <subfield code="i">Online version:</subfield>
    <subfield code="a">Shulman, Naomi,</subfield>
    <subfield code="t">Be kind</subfield>
    <subfield code="d">North Adams : 2019.</subfield>
    <subfield code="z">9781635861556</subfield>
    <subfield code="w">(DLC) 2019981158</subfield>
  </datafield>
</record>