
<record>
  <leader>02737cam a22003258i 4500</leader>
  <controlfield tag="001">21121011</controlfield>
  <controlfield tag="005">20200103130742.0</controlfield>
  <controlfield tag="008">190806s2020    enk      b    000 0 eng  </controlfield>
  <datafield tag="906" ind1=" " ind2=" ">
    <subfield code="a">0</subfield>
    <subfield code="b">vip</subfield>
    <subfield code="c">orignew</subfield>
    <subfield code="d">1</subfield>
    <subfield code="e">ecip</subfield>
    <subfield code="f">20</subfield>
    <subfield code="g">y-gencatlg</subfield>
  </datafield>
  <datafield tag="925" ind1="0" ind2=" ">
    <subfield code="a">acquire</subfield>
    <subfield code="b">1 shelf copy</subfield>
    <subfield code="x">policy default</subfield>
  </datafield>
  <datafield tag="955" ind1=" " ind2=" ">
    <subfield code="b">rk14 2019-08-06</subfield>
    <subfield code="c">rk14 2019-08-06 telework to subj</subfield>
    <subfield code="d">rk02 2019-09-10 to Dewey (telework)</subfield>
    <subfield code="w">xm07 2019-09-10</subfield>
    <subfield code="a">xn11 2020-01-03 1 copy rec&apos;d., to CIP ver.</subfield>
  </datafield>
  <datafield tag="010" ind1=" " ind2=" ">
    <subfield code="a">  2019033871</subfield>
  </datafield>
  <datafield tag="020" ind1=" " ind2=" ">
    <subfield code="a">9781789972443</subfield>
    <subfield code="q">(paperback)</subfield>
  </datafield>
  <datafield tag="040" ind1=" " ind2=" ">
    <subfield code="a">DLC</subfield>
    <subfield code="b">eng</subfield>
    <subfield code="c">DLC</subfield>
    <subfield code="e">rda</subfield>
  </datafield>
  <datafield tag="042" ind1=" " ind2=" ">
    <subfield code="a">pcc</subfield>
  </datafield>
  <datafield tag="050" ind1="0" ind2="0">
    <subfield code="a">B105.R4</subfield>
    <subfield code="b">O35 2020</subfield>
  </datafield>
  <datafield tag="082" ind1="0" ind2="0">
    <subfield code="a">199/.669</subfield>
    <subfield code="2">23</subfield>
  </datafield>
  <datafield tag="100" ind1="1" ind2=" ">
    <subfield code="a">Odia, Sylvester Idemudia,</subfield>
    <subfield code="d">1969-</subfield>
    <subfield code="e">author.</subfield>
  </datafield>
  <datafield tag="245" ind1="1" ind2="0">
    <subfield code="a">Personhood and epistemic interactivism in indigenous Esan thought :</subfield>
    <subfield code="b">from theories of representation to an African knowledge system /</subfield>
    <subfield code="c">Sylvester Idemudia Odia.</subfield>
  </datafield>
  <datafield tag="263" ind1=" " ind2=" ">
    <subfield code="a">1111</subfield>
  </datafield>
  <datafield tag="264" ind1=" " ind2="1">
    <subfield code="a">Oxford ;</subfield>
    <subfield code="a">New York :</subfield>
    <subfield code="b">Peter Lang,</subfield>
    <subfield code="c">2020.</subfield>
  </datafield>
  <datafield tag="300" ind1=" " ind2=" ">
    <subfield code="a">pages cm</subfield>
  </datafield>
  <datafield tag="336" ind1=" " ind2=" ">
    <subfield code="a">text</subfield>
    <subfield code="b">txt</subfield>
    <subfield code="2">rdacontent</subfield>
  </datafield>
  <datafield tag="337" ind1=" " ind2=" ">
    <subfield code="a">unmediated</subfield>
    <subfield code="b">n</subfield>
    <subfield code="2">rdamedia</subfield>
  </datafield>
  <datafield tag="338" ind1=" " ind2=" ">
    <subfield code="a">volume</subfield>
    <subfield code="b">nc</subfield>
    <subfield code="2">rdacarrier</subfield>
  </datafield>
  <datafield tag="504" ind1=" " ind2=" ">
    <subfield code="a">Includes bibliographical references.</subfield>
  </datafield>
  <datafield tag="520" ind1=" " ind2=" ">
    <subfield code="a">&quot;Epistemic interactivism, an aspect of the epistemology of representation, is a cognitive intercourse between the subject and person-object of knowledge that underlies the conception of a person in Esan thought. Traditional theories of representation (especially as presented by Descartes and Locke) separated the subject from the object of knowledge, and classified persons and non-persons as object of knowledge. This separation and classification ignored the cognitive and moral values of persons, disengaged the subject from the world and burden the self with solitude and isolation, and created propositional knowledge that dehumanised the relationship between the subject and person-object of knowledge. Within the theoretical framework of Hegel&apos;s epistemic interactivism (meliorated by Bowne&apos;s personalism) and Esan epistemology (in African philosophy), this book exposes the epistemic interactivism of Esan thought which unified the subject and person-object of knowledge on cognitive and moral grounds; thus providing adequate basis for personhood and resolving the dehumanised relationship between the subject and person-object of knowledge in the traditional theories of representation. Within the context of epistemic injustices, this book analyses the interactivist epistemology of indigenous Esan thought as an alternative epistemological conception of the person-object of knowledge which resolves the deficiency of the traditional theories of representation&quot;--</subfield>
    <subfield code="c">Provided by publisher.</subfield>
  </datafield>
  <datafield tag="650" ind1=" " ind2="0">
    <subfield code="a">Representation (Philosophy)</subfield>
  </datafield>
  <datafield tag="650" ind1=" " ind2="0">
    <subfield code="a">Esan (African people)</subfield>
  </datafield>
  <datafield tag="650" ind1=" " ind2="0">
    <subfield code="a">Philosophy, African.</subfield>
  </datafield>
</record>