
<record>
  <leader>03860cam a2200625 i 4500</leader>
  <controlfield tag="001">21128215</controlfield>
  <controlfield tag="005">20200103152208.0</controlfield>
  <controlfield tag="008">190812t20172017nyua     b    000 d eng d</controlfield>
  <datafield tag="906" ind1=" " ind2=" ">
    <subfield code="a">7</subfield>
    <subfield code="b">cbc</subfield>
    <subfield code="c">copycat</subfield>
    <subfield code="d">2</subfield>
    <subfield code="e">ncip</subfield>
    <subfield code="f">20</subfield>
    <subfield code="g">y-gencatlg</subfield>
  </datafield>
  <datafield tag="925" ind1="0" ind2=" ">
    <subfield code="a">acquire</subfield>
    <subfield code="b">1 shelf copy</subfield>
    <subfield code="x">policy default</subfield>
  </datafield>
  <datafield tag="955" ind1=" " ind2=" ">
    <subfield code="b">rn45 2019-08-12 z-processor 1 copy to USPRLL</subfield>
    <subfield code="i">xk06 2020-01-03 to CALM</subfield>
  </datafield>
  <datafield tag="010" ind1=" " ind2=" ">
    <subfield code="a">  2018277328</subfield>
  </datafield>
  <datafield tag="015" ind1=" " ind2=" ">
    <subfield code="a">GBB8N6639</subfield>
    <subfield code="2">bnb</subfield>
  </datafield>
  <datafield tag="016" ind1="7" ind2=" ">
    <subfield code="a">018275267</subfield>
    <subfield code="2">Uk</subfield>
  </datafield>
  <datafield tag="020" ind1=" " ind2=" ">
    <subfield code="a">9780231181297</subfield>
    <subfield code="q">(paperback ;</subfield>
    <subfield code="q">alkaline paper)</subfield>
  </datafield>
  <datafield tag="020" ind1=" " ind2=" ">
    <subfield code="a">0231181299</subfield>
    <subfield code="q">(paperback ;</subfield>
    <subfield code="q">alkaline paper)</subfield>
  </datafield>
  <datafield tag="020" ind1=" " ind2=" ">
    <subfield code="a">9780231181280</subfield>
  </datafield>
  <datafield tag="020" ind1=" " ind2=" ">
    <subfield code="a">0231181280</subfield>
  </datafield>
  <datafield tag="035" ind1=" " ind2=" ">
    <subfield code="a">(OCoLC)ocn947074763</subfield>
  </datafield>
  <datafield tag="040" ind1=" " ind2=" ">
    <subfield code="a">YDXCP</subfield>
    <subfield code="b">eng</subfield>
    <subfield code="c">YDXCP</subfield>
    <subfield code="e">rda</subfield>
    <subfield code="d">BTCTA</subfield>
    <subfield code="d">BDX</subfield>
    <subfield code="d">OCLCQ</subfield>
    <subfield code="d">NYP</subfield>
    <subfield code="d">VVS</subfield>
    <subfield code="d">OCLCF</subfield>
    <subfield code="d">YDX</subfield>
    <subfield code="d">LPU</subfield>
    <subfield code="d">BKL</subfield>
    <subfield code="d">TKN</subfield>
    <subfield code="d">MOV</subfield>
    <subfield code="d">PUL</subfield>
    <subfield code="d">NDD</subfield>
    <subfield code="d">OCL</subfield>
    <subfield code="d">OKU</subfield>
    <subfield code="d">TFW</subfield>
    <subfield code="d">OCLCQ</subfield>
    <subfield code="d">TFW</subfield>
    <subfield code="d">OCLCQ</subfield>
    <subfield code="d">OCLCO</subfield>
    <subfield code="d">NJR</subfield>
    <subfield code="d">VTU</subfield>
    <subfield code="d">LEATE</subfield>
    <subfield code="d">UBC</subfield>
    <subfield code="d">GILDS</subfield>
    <subfield code="d">AUD</subfield>
    <subfield code="d">TEU</subfield>
    <subfield code="d">NAM</subfield>
    <subfield code="d">CTL</subfield>
    <subfield code="d">WYU</subfield>
    <subfield code="d">UKMGB</subfield>
    <subfield code="d">OCLCQ</subfield>
    <subfield code="d">OCLCA</subfield>
    <subfield code="d">DKC</subfield>
    <subfield code="d">QE2</subfield>
    <subfield code="d">DLC</subfield>
  </datafield>
  <datafield tag="041" ind1="1" ind2=" ">
    <subfield code="a">eng</subfield>
    <subfield code="h">rus</subfield>
  </datafield>
  <datafield tag="042" ind1=" " ind2=" ">
    <subfield code="a">lccopycat</subfield>
  </datafield>
  <datafield tag="043" ind1=" " ind2=" ">
    <subfield code="a">e-ur---</subfield>
  </datafield>
  <datafield tag="050" ind1="0" ind2="0">
    <subfield code="a">PG3476.P543</subfield>
    <subfield code="b">A2 2017</subfield>
  </datafield>
  <datafield tag="055" ind1=" " ind2="3">
    <subfield code="a">PG3476 .P718</subfield>
    <subfield code="b">A2 2017</subfield>
  </datafield>
  <datafield tag="082" ind1="0" ind2="4">
    <subfield code="a">891.72</subfield>
    <subfield code="2">23</subfield>
  </datafield>
  <datafield tag="100" ind1="1" ind2=" ">
    <subfield code="a">Platonov, Andreĭ Platonovich,</subfield>
    <subfield code="d">1899-1951,</subfield>
    <subfield code="e">author.</subfield>
  </datafield>
  <datafield tag="245" ind1="1" ind2="0">
    <subfield code="a">Fourteen little red huts and other plays /</subfield>
    <subfield code="c">Andrei Platonov ; edited by Robert Chandler ; translated by Robert Chandler, Jesse Irwin, and Susan Larsen ; with notes by Robert Chandler and Natalya Duzhina.</subfield>
  </datafield>
  <datafield tag="264" ind1=" " ind2="1">
    <subfield code="a">New York :</subfield>
    <subfield code="b">Columbia University Press,</subfield>
    <subfield code="c">[2017]</subfield>
  </datafield>
  <datafield tag="264" ind1=" " ind2="4">
    <subfield code="c">©2017</subfield>
  </datafield>
  <datafield tag="300" ind1=" " ind2=" ">
    <subfield code="a">xxix, 211 pages :</subfield>
    <subfield code="b">illustrations ;</subfield>
    <subfield code="c">23 cm.</subfield>
  </datafield>
  <datafield tag="336" ind1=" " ind2=" ">
    <subfield code="a">text</subfield>
    <subfield code="b">txt</subfield>
    <subfield code="2">rdacontent</subfield>
  </datafield>
  <datafield tag="337" ind1=" " ind2=" ">
    <subfield code="a">unmediated</subfield>
    <subfield code="b">n</subfield>
    <subfield code="2">rdamedia</subfield>
  </datafield>
  <datafield tag="338" ind1=" " ind2=" ">
    <subfield code="a">volume</subfield>
    <subfield code="b">nc</subfield>
    <subfield code="2">rdacarrier</subfield>
  </datafield>
  <datafield tag="490" ind1="1" ind2=" ">
    <subfield code="a">Russian library</subfield>
  </datafield>
  <datafield tag="500" ind1=" " ind2=" ">
    <subfield code="a">Three plays.</subfield>
  </datafield>
  <datafield tag="504" ind1=" " ind2=" ">
    <subfield code="a">Includes bibliographical references.</subfield>
  </datafield>
  <datafield tag="520" ind1=" " ind2=" ">
    <subfield code="a">&quot;In this essential collection of Andrei Platonov&apos;s plays, the noted Platonov translator Robert Chandler edits and introduces The Hurdy-Gurdy (translated by Susan Larsen), Fourteen Little Red Huts (translated by Chandler), and Grandmother&apos;s Little Hut (translated by Jesse Irwin). Written in 1930 and 1933, respectively, The Hurdy-Gurdy and Fourteen Little Red Huts constitute an impassioned and penetrating response to Stalin&apos;s assault on the Soviet peasantry. They reflect the political urgency of Bertolt Brecht and anticipate the tragic farce of Samuel Beckett but play out through dialogue and characterization that is unmistakably Russian. This volume also includes Grandmother&apos;s Little Hut, an unfinished play that represents Platonov&apos;s later, gentler work.&quot;--</subfield>
    <subfield code="c">Provided by publisher.</subfield>
  </datafield>
  <datafield tag="505" ind1="0" ind2=" ">
    <subfield code="a">The hurdy-gurdy : a play in three acts, six scenes (October-November 1930) / translated by Susan Larsen in 1989 and revised by Robert Chandler and Jesse Irwin in 2016 -- Additional scene / translated by Robert Chandler -- Fourteen little red huts : a tragedy (1933) -- Grandmother&apos;s little hut (an unfinished play) (1938-1940).</subfield>
  </datafield>
  <datafield tag="546" ind1=" " ind2=" ">
    <subfield code="a">Translated from the Russian.</subfield>
  </datafield>
  <datafield tag="650" ind1=" " ind2="0">
    <subfield code="a">Russian drama</subfield>
    <subfield code="y">20th century.</subfield>
  </datafield>
  <datafield tag="650" ind1=" " ind2="0">
    <subfield code="a">Soviet drama.</subfield>
  </datafield>
  <datafield tag="650" ind1=" " ind2="7">
    <subfield code="a">Russian drama.</subfield>
    <subfield code="2">fast</subfield>
    <subfield code="0">(OCoLC)fst01102001</subfield>
  </datafield>
  <datafield tag="650" ind1=" " ind2="7">
    <subfield code="a">Soviet drama.</subfield>
    <subfield code="2">fast</subfield>
    <subfield code="0">(OCoLC)fst01127390</subfield>
  </datafield>
  <datafield tag="648" ind1=" " ind2="7">
    <subfield code="a">1900-1999</subfield>
    <subfield code="2">fast</subfield>
  </datafield>
  <datafield tag="655" ind1=" " ind2="7">
    <subfield code="a">Drama.</subfield>
    <subfield code="2">fast</subfield>
    <subfield code="0">(OCoLC)fst01423879</subfield>
  </datafield>
  <datafield tag="655" ind1=" " ind2="7">
    <subfield code="a">Drama.</subfield>
    <subfield code="2">lcgft</subfield>
  </datafield>
  <datafield tag="700" ind1="1" ind2=" ">
    <subfield code="a">Chandler, Robert,</subfield>
    <subfield code="d">1953-</subfield>
    <subfield code="e">editor,</subfield>
    <subfield code="e">translator.</subfield>
  </datafield>
  <datafield tag="700" ind1="1" ind2=" ">
    <subfield code="a">Irwin, Jesse,</subfield>
    <subfield code="e">translator.</subfield>
  </datafield>
  <datafield tag="700" ind1="1" ind2=" ">
    <subfield code="a">Larsen, Susan</subfield>
    <subfield code="q">(Susan Kirsten),</subfield>
    <subfield code="e">translator.</subfield>
  </datafield>
  <datafield tag="700" ind1="1" ind2=" ">
    <subfield code="a">Duzhina, N. I.</subfield>
    <subfield code="q">(Natalʹi︠a︡ Ilʹinichna),</subfield>
    <subfield code="e">contributor.</subfield>
  </datafield>
  <datafield tag="700" ind1="1" ind2=" ">
    <subfield code="a">Platonov, Andreĭ Platonovich,</subfield>
    <subfield code="d">1899-1951.</subfield>
    <subfield code="t">Sharmanka.</subfield>
    <subfield code="l">English.</subfield>
    <subfield code="i">Container of (expression):</subfield>
  </datafield>
  <datafield tag="700" ind1="1" ind2=" ">
    <subfield code="a">Platonov, Andreĭ Platonovich,</subfield>
    <subfield code="d">1899-1951.</subfield>
    <subfield code="t">14 krasnykh izbushek.</subfield>
    <subfield code="l">English.</subfield>
    <subfield code="i">Container of (expression):</subfield>
  </datafield>
  <datafield tag="700" ind1="1" ind2=" ">
    <subfield code="a">Platonov, Andreĭ Platonovich,</subfield>
    <subfield code="d">1899-1951.</subfield>
    <subfield code="t">Izbushka babushki.</subfield>
    <subfield code="l">English.</subfield>
    <subfield code="i">Container of (expression):</subfield>
  </datafield>
  <datafield tag="830" ind1=" " ind2="0">
    <subfield code="a">Russian library (Columbia University. Press)</subfield>
  </datafield>
</record>