
<record>
  <leader>03842cam a22003858i 4500</leader>
  <controlfield tag="001">21129545</controlfield>
  <controlfield tag="005">20200103162432.0</controlfield>
  <controlfield tag="008">190729s2020    nyu      b    001 0 eng c</controlfield>
  <datafield tag="906" ind1=" " ind2=" ">
    <subfield code="a">7</subfield>
    <subfield code="b">cbc</subfield>
    <subfield code="c">orignew</subfield>
    <subfield code="d">1</subfield>
    <subfield code="e">ecip</subfield>
    <subfield code="f">20</subfield>
    <subfield code="g">y-gencatlg</subfield>
  </datafield>
  <datafield tag="925" ind1="0" ind2=" ">
    <subfield code="a">acquire</subfield>
    <subfield code="b">1 shelf copy</subfield>
    <subfield code="x">policy default</subfield>
  </datafield>
  <datafield tag="955" ind1=" " ind2=" ">
    <subfield code="b">2019-07-29</subfield>
    <subfield code="e">re24 2019-08-13 to Dewey (episodic telework)</subfield>
    <subfield code="w">xm06 2019-08-16</subfield>
    <subfield code="a">xn11 2019-12-17 1 copy rec&apos;d., to CIP ver.</subfield>
    <subfield code="f">re24 2020-01-03 to CALM</subfield>
  </datafield>
  <datafield tag="010" ind1=" " ind2=" ">
    <subfield code="a">  2019017422</subfield>
  </datafield>
  <datafield tag="020" ind1=" " ind2=" ">
    <subfield code="a">9780190905903</subfield>
    <subfield code="q">(hardback)</subfield>
  </datafield>
  <datafield tag="020" ind1=" " ind2=" ">
    <subfield code="z">9780190905927</subfield>
    <subfield code="q">(epub)</subfield>
  </datafield>
  <datafield tag="020" ind1=" " ind2=" ">
    <subfield code="z">9780190905910</subfield>
    <subfield code="q">(pdf)</subfield>
  </datafield>
  <datafield tag="040" ind1=" " ind2=" ">
    <subfield code="a">LBSOR/DLC</subfield>
    <subfield code="b">eng</subfield>
    <subfield code="c">DLC</subfield>
    <subfield code="e">rda</subfield>
    <subfield code="d">DLC</subfield>
  </datafield>
  <datafield tag="042" ind1=" " ind2=" ">
    <subfield code="a">pcc</subfield>
  </datafield>
  <datafield tag="043" ind1=" " ind2=" ">
    <subfield code="a">a-ii---</subfield>
  </datafield>
  <datafield tag="050" ind1="0" ind2="0">
    <subfield code="a">JQ220.C58</subfield>
    <subfield code="b">M86 2020</subfield>
  </datafield>
  <datafield tag="082" ind1="0" ind2="0">
    <subfield code="a">322/.50954</subfield>
    <subfield code="2">23</subfield>
  </datafield>
  <datafield tag="100" ind1="1" ind2=" ">
    <subfield code="a">Mukherjee, Anit,</subfield>
    <subfield code="e">author.</subfield>
  </datafield>
  <datafield tag="245" ind1="1" ind2="4">
    <subfield code="a">The absent dialogue :</subfield>
    <subfield code="b">politicians, bureaucrats, and the military in India /</subfield>
    <subfield code="c">Anit Mukherjee.</subfield>
  </datafield>
  <datafield tag="264" ind1=" " ind2="1">
    <subfield code="a">New York :</subfield>
    <subfield code="b">Oxford University Press,</subfield>
    <subfield code="c">2020.</subfield>
  </datafield>
  <datafield tag="300" ind1=" " ind2=" ">
    <subfield code="a">xvii, 313 pages ;</subfield>
    <subfield code="c">25 cm</subfield>
  </datafield>
  <datafield tag="336" ind1=" " ind2=" ">
    <subfield code="a">text</subfield>
    <subfield code="b">txt</subfield>
    <subfield code="2">rdacontent</subfield>
  </datafield>
  <datafield tag="337" ind1=" " ind2=" ">
    <subfield code="a">unmediated</subfield>
    <subfield code="b">n</subfield>
    <subfield code="2">rdamedia</subfield>
  </datafield>
  <datafield tag="338" ind1=" " ind2=" ">
    <subfield code="a">volume</subfield>
    <subfield code="b">nc</subfield>
    <subfield code="2">rdacarrier</subfield>
  </datafield>
  <datafield tag="504" ind1=" " ind2=" ">
    <subfield code="a">Includes bibliographical references and index.</subfield>
  </datafield>
  <datafield tag="505" ind1="0" ind2=" ">
    <subfield code="a">Introduction: Democratic civilian control -- Forging the sword : civil-military relations and military effectiveness -- Convenient narratives : historical evolution of civil-military relations -- The false promise of self-reliance : the weapons procurement process -- The coordinators : India&apos;s unique approach to jointness -- An &quot;in-house&quot; affair : India&apos;s system of professional military education -- Simply the best? officer promotion and selection policies -- The best of intentions : defense planning in India -- Tumultuous times : the contemporary discourse on civil-military relations -- Conclusion: Civilian control and military effectiveness.</subfield>
  </datafield>
  <datafield tag="520" ind1=" " ind2=" ">
    <subfield code="a">&quot;Civilian control over the military is widely hailed as among the biggest successes of India&apos;s democracy. This is a rarity, especially among post-colonial states, and is rightfully celebrated. But has this come at a cost? In The Absent Dialogue, Anit Mukherjee argues that the pattern of civil-military relations in India has hampered its military effectiveness. Indian politicians and bureaucrats have long been content with the formal and ritualistic exercise of civilian control, while the military continues to operate in institutional silos, with little substantive engagement between the two. In making this claim, the book closely examines the variables most closely associated with military effectiveness -- weapons procurement, jointness (the ability of separate military services to operate together), officer education, promotion policies, and defense planning. India&apos;s pattern of civil-military relations -- best characterized as an absent dialogue -- adversely affects each of these processes. Theoretically, the book adopts the &apos;unequal dialogue&apos; framework proposed by Eliot Cohen but also argues that, under some conditions, patterns of civil-military relations maybe more closely resemble an &apos;absent dialogue.&apos; Informed by more than a hundred and fifty interviews and recently available archival material, the book represents a deep dive into understanding the power and the limitations of the Indian military. It sheds new light on India&apos;s military history and is essential reading for understanding contemporary civil-military relations and recurring problems therein. While the book focuses on India, it also highlights the importance of civilian expertise and institutional design in enhancing civilian control and military effectiveness in other democracies&quot;--</subfield>
    <subfield code="c">Provided by publisher.</subfield>
  </datafield>
  <datafield tag="650" ind1=" " ind2="0">
    <subfield code="a">Civil-military relations</subfield>
    <subfield code="z">India.</subfield>
  </datafield>
  <datafield tag="651" ind1=" " ind2="0">
    <subfield code="a">India</subfield>
    <subfield code="x">History, Military.</subfield>
  </datafield>
  <datafield tag="651" ind1=" " ind2="0">
    <subfield code="a">India</subfield>
    <subfield code="x">Politics and government.</subfield>
  </datafield>
  <datafield tag="985" ind1=" " ind2=" ">
    <subfield code="a">LBSORCIP</subfield>
    <subfield code="d">2019-08-12</subfield>
  </datafield>
  <datafield tag="985" ind1=" " ind2=" ">
    <subfield code="c">BibFrame Pilot</subfield>
    <subfield code="e">20200103</subfield>
  </datafield>
</record>