
<record>
  <leader>04412cam a22003618i 4500</leader>
  <controlfield tag="001">21129623</controlfield>
  <controlfield tag="005">20200103135353.0</controlfield>
  <controlfield tag="008">190813s2019    miu      b    001 0 eng  </controlfield>
  <datafield tag="906" ind1=" " ind2=" ">
    <subfield code="a">0</subfield>
    <subfield code="b">vip</subfield>
    <subfield code="c">orignew</subfield>
    <subfield code="d">1</subfield>
    <subfield code="e">ecip</subfield>
    <subfield code="f">20</subfield>
    <subfield code="g">y-gencatlg</subfield>
  </datafield>
  <datafield tag="925" ind1="0" ind2=" ">
    <subfield code="a">acquire</subfield>
    <subfield code="b">1 shelf copy</subfield>
    <subfield code="x">policy default</subfield>
  </datafield>
  <datafield tag="955" ind1=" " ind2=" ">
    <subfield code="b">rk10 2019-08-14</subfield>
    <subfield code="c">rk10 2019-08-14 (telework) to subject</subfield>
    <subfield code="d">re23 2019-09-20</subfield>
    <subfield code="e">re23 2019-09-20 to Dewey</subfield>
    <subfield code="w">xm07 2019-09-24</subfield>
    <subfield code="a">xn11 2020-01-03 1 copy rec&apos;d., to CIP ver.</subfield>
  </datafield>
  <datafield tag="010" ind1=" " ind2=" ">
    <subfield code="a">  2019027693</subfield>
  </datafield>
  <datafield tag="020" ind1=" " ind2=" ">
    <subfield code="a">9780472131570</subfield>
    <subfield code="q">(hardcover)</subfield>
  </datafield>
  <datafield tag="020" ind1=" " ind2=" ">
    <subfield code="z">9780472126040</subfield>
    <subfield code="q">(ebook)</subfield>
  </datafield>
  <datafield tag="040" ind1=" " ind2=" ">
    <subfield code="a">DLC</subfield>
    <subfield code="b">eng</subfield>
    <subfield code="c">DLC</subfield>
    <subfield code="e">rda</subfield>
    <subfield code="d">DLC</subfield>
  </datafield>
  <datafield tag="042" ind1=" " ind2=" ">
    <subfield code="a">pcc</subfield>
  </datafield>
  <datafield tag="050" ind1="0" ind2="0">
    <subfield code="a">BP190.5.F73</subfield>
    <subfield code="b">F75 2019</subfield>
  </datafield>
  <datafield tag="082" ind1="0" ind2="0">
    <subfield code="a">297.5/6762</subfield>
    <subfield code="2">23</subfield>
  </datafield>
  <datafield tag="245" ind1="0" ind2="0">
    <subfield code="a">Friendship in Islamic ethics and world politics /</subfield>
    <subfield code="c">Mohammad Jafar Amir Mahallati, editor.</subfield>
  </datafield>
  <datafield tag="263" ind1=" " ind2=" ">
    <subfield code="a">1111</subfield>
  </datafield>
  <datafield tag="264" ind1=" " ind2="1">
    <subfield code="a">Ann Arbor :</subfield>
    <subfield code="b">University of Michigan Press,</subfield>
    <subfield code="c">2019.</subfield>
  </datafield>
  <datafield tag="300" ind1=" " ind2=" ">
    <subfield code="a">pages cm</subfield>
  </datafield>
  <datafield tag="336" ind1=" " ind2=" ">
    <subfield code="a">text</subfield>
    <subfield code="b">txt</subfield>
    <subfield code="2">rdacontent</subfield>
  </datafield>
  <datafield tag="337" ind1=" " ind2=" ">
    <subfield code="a">unmediated</subfield>
    <subfield code="b">n</subfield>
    <subfield code="2">rdamedia</subfield>
  </datafield>
  <datafield tag="338" ind1=" " ind2=" ">
    <subfield code="a">volume</subfield>
    <subfield code="b">nc</subfield>
    <subfield code="2">rdacarrier</subfield>
  </datafield>
  <datafield tag="504" ind1=" " ind2=" ">
    <subfield code="a">Includes bibliographical references and index.</subfield>
  </datafield>
  <datafield tag="505" ind1="0" ind2=" ">
    <subfield code="a">Friendship in Arabic : its synonyms, etymologies, and transformations / A.Z. Obiedat -- Treatment of friends / Ibn  al- Muqaffa -- Friendship and love in Islamic spirituality / William C. Chittick -- Aristotle and Iranian ethicists : friendship as a moral and a political paradigm / Mohammad Jafar Amir Mahallati -- The mystery of friendship : a view from Islam / Paul L. Heck -- Three dimensions of friendship : a Qur&apos;ānic perspective / Mohammad Jafar Amir Mahallati -- Friendship in pre- Islamic Iranian writings / Jamsheed K. Choksy -- On friendship / Zalman Schachter-Shalomi -- Friendship in Confucian Islam / Sachiko Murata -- Friendship between Islamic and Christian civilizations / Richard Bulliet -- Friendship in the Muslim world / Abdulaziz Othman Altwaijri -- Friendship between religions and cultures : the foundation for friendship between civilizations / Seyyed Hossein Nasr -- Friendship in international relations / Iqbal Riza -- Will to friendship : Rūmī&apos;s perspective / Abdolkarim SoroushMahallati -- Friends without borders : a case study / John Marks -- Global loneliness and the state of human mental health : how religion can promote friendship as a paradigm of peace in postmodernity / Mohammad Jafar Amir Mahallati -- Epilogue : a friendship manifesto / Mohammad Jafar Amir Mahallati -- Appendix: A sample friendship resolution.</subfield>
  </datafield>
  <datafield tag="520" ind1=" " ind2=" ">
    <subfield code="a">&quot;Based on a decade of direct diplomatic engagement with the United Nations, a decade of teaching on international relations, and another decade of research and teaching on Islamic and comparative peace studies, this book offers a friendship-related academic framework that examines shared moral concepts, philosophical paradigms and political experiences that can help developing and expanding multi-disciplinary conversations between the Christian West and the Muslim East. By advancing multicultural and inter-religious discourses on friendship, this book helps promoting actual friendships among diverse cultures and peoples. This book has no published parallels, so far, in the current century. Most important, it is not a monologue. Rather, it provides a model of conversations among scholars and political actors who come from diverse international and inter-religious backgrounds. The word &quot;Islamic&quot; should not mislead the reader to suspect that this edited volume delves only into religious discourses. On the contrary, it provides a forum for conversations both within and between religious as well as philosophical perspectives. In short, the book is a forum for friendship conversations both thematically and also in terms of disciplinary and cultural diversity. This volume presents a model for intellectual conversations about friendship. The result of the work of many prominent international scholars and diplomats over many years, it conveys at least one message clearly: friendship matters for not only our happiness but also for our survival&quot;--</subfield>
    <subfield code="c">Provided by publisher.</subfield>
  </datafield>
  <datafield tag="650" ind1=" " ind2="0">
    <subfield code="a">Friendship</subfield>
    <subfield code="x">Religious aspects</subfield>
    <subfield code="x">Islam.</subfield>
  </datafield>
  <datafield tag="650" ind1=" " ind2="0">
    <subfield code="a">Islam</subfield>
    <subfield code="x">Relations</subfield>
    <subfield code="x">Christianity.</subfield>
  </datafield>
  <datafield tag="650" ind1=" " ind2="0">
    <subfield code="a">Islam and international relations.</subfield>
  </datafield>
  <datafield tag="700" ind1="1" ind2=" ">
    <subfield code="a">Mahallati, Mohammad Jafar Amir,</subfield>
    <subfield code="d">1952-</subfield>
    <subfield code="e">editor.</subfield>
  </datafield>
  <datafield tag="776" ind1="0" ind2="8">
    <subfield code="i">Online version:</subfield>
    <subfield code="t">Friendship in Islamic ethics and world politics</subfield>
    <subfield code="d">Ann Arbor : University of Michigan Press, 2019.</subfield>
    <subfield code="z">9780472126040</subfield>
    <subfield code="w">(DLC) 2019027694</subfield>
  </datafield>
</record>
</collection>
